2003 2700
807 199 982 215 ⁹¹·—
1015 185 1171 244 (234)
1205 194 1356 228 —'

278 300 484 343 teriorem
522 298 625 342 baiis
663 300 838 344 arteriae
873 302 1160 357 pulmonalis‚
1198 317 1324 358 quam
1362 302 1759 358 comprehendunt,
1794 294 1890 348 irer-

278 367 344 406 sus
383 364 670 407 ventriculum
707 367 950 419 adducunt,
995 380 1136 423 eoque
1173 370 1353 411 validius
1391 368 1602 410 orificium
1639 371 1891 412 arteriosum

277 440 320 471 et
355 429 487 484 ipsam
532 432 728 472 arteriam
775 431 1070 487 pulmonalem
1117 434 1302 488 impulso
1348 436 1523 476 caeteris
1567 433 1767 476 omnibus
1814 448 1892 476 ex-

275 496 407 536 ternis
446 495 688 552 mediisque
725 497 951 538 ventriculi
988 497 1104 539 fibris
1143 498 1328 553 sanguini
1368 508 1628 554 opponunt,
1680 512 1769 553 quo
1811 500 1889 547 rui-

274 573 353 601 nus
392 561 542 602 arteria
579 561 724 603 mollis
762 562 932 614 cedere,
968 573 1038 604 aut
1073 563 1304 615 vacillare,
1351 565 1649 617 aftionemque
1685 563 1889 605 fibrarum

273 626 592 680 impellentium
638 626 811 669 eludere
855 627 1002 683 posiit3
1058 629 1158 683 quin
1201 629 1330 670 obuia
1367 629 1510 685 potius
1548 629 1738 683 sanguini
1775 629 1889 671 vltro

274 690 448 732 feratur.
519 691 619 732 Hoc
665 693 852 733 maxime
897 692 1057 734 scilicet
1098 693 1147 734 ad
1186 694 1386 735 dextrum
1424 696 1596 734 arteriae
1635 695 1742 734 latus
1777 706 1889 748 opus

274 755 395 797 fuisse
432 755 603 797 videtur
637 758 918 810 praefidium3
964 771 1062 797 cum
1101 758 1324 799 sinisterius
1362 755 1465 800 bans
1502 757 1677 799 arteriae
1714 758 1755 797 in
1793 758 1889 812 plu-

274 821 393 861 rimis
432 820 636 861 cordibus
672 820 822 859 adnata
857 819 904 858 fit
946 831 1095 858 crenae
1119 849 1130 869 ‚
1182 819 1254 858 vbi
1300 833 1387 859 non
1432 820 1521 870 est,
1570 821 1689 860 velut
1723 822 1765 861 in
1804 823 1888 863 hoc

273 885 441 934 corde,
496 882 799 924 circumflexae
845 881 1022 923 finistrae
1070 892 1271 924 externae
1308 883 1349 923 in
1388 883 1612 938 posteriori
1648 885 1747 924 coni
1783 894 1892 926 arte-

273 948 369 989 riofi
407 947 626 1002 superficie
663 948 720 1002 a)
756 947 935 989 similem
973 947 1254 988 addue‘torum
1291 948 1528 1003 fumonem,
1566 947 1677 990 bafin
1714 950 1889 991 arteriae

271 1014 320 1055 ad
358 1014 644 1055 ventriculum
681 1013 936 1055 adducendo
972 1011 1178 1053 efficiunt.

615 1142 732 1185 Aelio
767 1142 1028 1184 cotttraCIoris
1076 1142 1271 1197 interstitii
1306 1142 1544 1184 valmdaris.

469 1206 728 1250 Contraftor
774 1208 981 1249 interstitii
1028 1208 1255 1249 valuularis
1301 1221 1356 1249 ex
1393 1209 1522 1250 latere
1559 1207 1752 1260 finistro‚
1803 1207 1889 1250 fine

272 1273 529 1329 posteriori,
566 1275 808 1315 addueioris
838 1262 1020 1314 ‘maioris
1061 1273 1206 1314 solitus
1244 1273 1373 1324 oriri,
1409 1274 1532 1314 inseri
1570 1275 1610 1313 in
1648 1283 1809 1314 aortam
1846 1282 1890 1314 et

270 1339 531 1393 principium
568 1337 628 1379 fili
666 1338 926 1392 cartilaginei
965 1338 1191 1378 anterioris
1229 1337 1397 1388 dextri,
1437 1337 1753 1392 longitudinem
1791 1352 1889 1392 par-

273 1404 326 1444 tis
381 1402 562 1445 bafilaris
617 1403 661 1444 in
716 1404 806 1444 eius
851 1403 1055 1457 portione
1090 1402 1313 1457 posteriori
1351 1402 1468 1443 iuxta
1505 1415 1675 1444 crenam
1714 1417 1888 1457 percur-

271 1469 327 1510 rit
362 1466 442 1523 b).
530 1468 651 1509 Haec
703 1468 850 1522 portio
903 1467 988 1522 iplii
1040 1480 1089 1508 ea
1133 1467 1306 1522 parietis
1350 1467 1576 1507 ventriculi
1617 1468 1762 1522 portio
1798 1467 1889 1520 est,

276 1546 383 1589 quae
427 1533 633 1575 annulum
671 1534 935 1575 valuularcm
973 1530 1128 1573 orificii
1165 1532 1307 1573 venoli
1345 1531 1386 1571 in
1424 1533 1628 1585 superiori
1666 1533 1732 1574 seu
1771 1543 1890 1574 ante·

272 1599 376 1641 riori
420 1609 538 1654 parte
584 1600 724 1654 tegit,
778 1599 890 1640 inter
935 1610 1061 1652 quam
1106 1606 1149 1638 et
1191 1597 1395 1638 annulum
1440 1597 1575 1651 ipsum
1619 1598 1888 1639 interstitium

274 1664 521 1706 continetur
565 1665 683 1719 quod
726 1664 970 1718 interstitium
1005 1660 1216 1703 valquare
1252 1673 1322 1703 aut
1358 1662 1547 1715 dicitur,
1600 1674 1671 1704 aut
1707 1663 1788 1704 dici
1827 1674 1889 1706 ta·

273 1742 372 1769 men
420 1730 577 1769 merito
621 1728 770 1783 potest.
858 1727 980 1768 Hanc
1025 1726 1197 1787 parietis
1243 1727 1488 1780 portionem
1526 1740 1632 1782 crgo
1668 1729 1887 1770 musculus

272 1794 507 1835 secundum
545 1793 862 1847 longitudinem
899 1792 1030 1846 partis
1070 1790 1284 1843 bafilaris,
1330 1793 1371 1833 id
1411 1793 1468 1834 est
1504 1793 1768 1834 transuersim
1806 1806 1886 1847 pro

270 1860 339 1901 axi
386 1859 514 1914 par-tis
560 1859 741 1900 venosae
786 1869 829 1899 ct
864 1870 942 1912 pro
979 1856 1148 1898 orificio
1185 1859 1345 1898 veuoso
1383 1857 1611 1898 contrahit.
1698 1857 1885 1899 Proinde

272 1925 521 1979 constringit
559 1923 888 1979 quodammodo
924 1922 1165 1974 orificium,
1203 1923 1522 1976 complicatquc
1560 1923 1762 1964 annulum
1802 1922 1889 1964 val-

271 1990 464 2031 vularem
501 2000 543 2030 et
580 1990 797 2031 contrahit
832 1987 1097 2029 interstitium
1139 2001 1342 2042 quoque,
1382 1989 1498 2041 quod
1537 1986 1645 2028 inter
1682 1987 1887 2028 annulum

273 2065 315 2095 et
353 2055 611 2096 contractam
650 2055 820 2108 parietis
859 2054 1102 2108 portionem
1126 2054 1384 2093 continetur.
1456 2051 1887 2107 Dumsanguistem-

271 2133 377 2174 pore
416 2119 609 2160 diastoles
646 2121 687 2160 in
727 2121 1014 2161 ventriculum
1052 2117 1196 2174 pulsus
1234 2118 1345 2159 hunc
1384 2118 1536 2173 replet,
1573 2118 1772 2159 notabilis
1795 2118 1884 2159 eius

1739 2195 1885 2238 portio

349 2336 399 2380 a)
451 2336 536 2370 Ἡ».
567 2334 659 2370 vni.
689 2333 711 2369 s.

350 2386 399 2435 b)
454 2387 538 2423 Tab.
567 2386 664 2422 x‘lll.
692 2398 723 2421 o.
