2003 2700
828 142 1372 198 ===(272)--—-

431 262 435 267 ’
489 262 629 305 Color
664 261 798 316 totius
834 258 957 314 piscis
993 256 1203 310 albicans,
1239 258 1376 313 capite
1412 255 1634 298 albidiore.
1702 255 1774 298 Ex
1809 254 1903 298 col-

289 332 472 375 leetione
507 326 828 380 Dhalbergiana
870 322 1049 379 piscium
1085 321 1444 366 Surinameufium
1486 322 1531 362 iu
1574 320 1720 364 museo
1757 320 1913 364 nostro

290 394 560 442 Academico
595 392 913 435 ass'eruatorum.

891 511 1285 574 Dimenfiones

912 631 1160 698 Gymnoti
1193 630 1298 681 albi.

493 734 747 790 Longitudo
784 733 916 775 totius
951 735 1076 789 piscis
1115 734 1203 774 scre
1239 747 1284 783 9.
1321 731 1531 787 pollicum
1570 731 1798 772 secundum
1834 743 1911 785 pe-

299 809 399 851 dem
433 802 673 860 parifinurn.

1692 879 1800 935 poll.
1838 880 1913 923 lin.

300 956 552 1012 Longitudo
590 951 738 1006 capitis
776 962 852 1006 per
889 949 1102 1003 frontem,
1156 946 1207 989 ab
1241 945 1362 1002 apice
1399 944 1545 987 maxil.
1582 945 1720 999 super.

498 1020 549 1062 ad
586 1017 771 1060 nucham
903 1037 924 1046 -
1118 1036 1139 1044 -
1332 1035 1354 1043 -
1516 1032 1536 1040 -
1683 1031 1704 1040 -
1810 1021 1881 1052 10,

301 1111 408 1123 ...-
470 1107 576 1116 -——
641 1105 745 1111 —-
782 1092 858 1134 per
899 1079 1029 1121 latera
1073 1078 1124 1120 ab
1162 1076 1320 1132 angulo
1358 1075 1444 1118 oris
1482 1074 1533 1116 ad
1570 1073 1724 1128 margi-

339 1145 347 1152 “
498 1161 572 1191 nes
609 1145 849 1188 branchiar.
981 1166 1002 1175 -
1133 1165 1154 1173 -
1283 1165 1303 1172 -
1434 1163 1454 1171 -
1567 1161 1588 1170 -
1687 1159 1707 1168 -
1811 1150 1882 1179 ιο,

302 1241 409 1251 --
472 1236 578 1245 ———
641 1234 746 1241 ——-
783 1208 833 1251 ab
885 1208 1004 1265 apice
1058 1206 1221 1249 maxill.
1266 1205 1495 1261 superioris
1541 1203 1591 1244 ad
1636 1214 1726 1243 me-

500 1279 619 1320 dium
656 1274 834 1317 oculum
1028 1293 1050 1305 -
1244 1294 1264 1302 -
1457 1291 1479 1300 -
1673 1289 1694 1297 -
1843 1281 1889 1319 4.

307 1369 413 1380 --
477 1365 583 1373 -——
649 1363 753 1394 -÷
820 1360 926 1368 -——-
989 1335 1232 1367 —-'·—
1267 1333 1482 1375 inferioris
1514 1333 1563 1374 ad
1595 1330 1739 1389 gulam
1840 1333 1902 1383 91.

308 1432 414 1461 ὲ-·
478 1427 583 1437 --’
647 1410 753 1453 ·-·-“ἴ·
817 1423 923 1432 ·-“··
987 1422 1092 1432 --
1155 1422 1261 1430 —-
1325 1421 1430 1429 ——
1515 1398 1565 1439 ad
1603 1410 1735 1450 angu-

705 1512 710 1519 ,
1534 1462 1624 1503 lum
1662 1461 1747 1502 oris
1850 1472 1894 1511 3.

310 1560 417 1575 -—-
480 1556 586 1567 -—
650 1548 755 1564 *⁴-
818 1553 925 1562 -—
988 1552 1094 1560 ·-—-
1158 1552 1261 1559 —
1327 1552 1431 1557 —-—
1499 1528 1550 1569 ad
1599 1526 1732 1580 origi·

1177 1607 1273 1636 nem
1296 1594 1448 1649 pinnac
1470 1591 1731 1634 subcaudalis
1774 1603 1811 1629 1.
1849 1603 1893 1640 9.

312 1691 419 1701 -——
482 1687 587 1696 -——
652 1686 757 1693 —
792 1661 843 1703 ab
880 1659 1038 1716 angulo
1075 1660 1160 1701 oris
1197 1661 1246 1701 ad
1284 1658 1475 1700 medium
1517 1657 1693 1698 oculum
1793 1676 1814 1685 -
1854 1666 1893 1694 2.

314 1732 519 1775 Latitudo
555 1727 839 1770 transuersalis
878 1725 1074 1766 maxillae
1113 1725 1246 1778 super.
1286 1724 1334 1764 ad
1374 1723 1612 1777 marginem
1711 1741 1731 1752 -
1795 1741 1815 1749 -
1850 1718 1909 1766 31.

314 1795 520 1840 Distantia
558 1790 844 1835 transuersalis
882 1791 992 1829 inter
1027 1790 1206 1843 angulos
1245 1790 1330 1829 oris
1464 1810 1484 1819 -
1641 1807 1662 1816 -
1793 1805 1812 1813 -
1851 1794 1892 1831 5.

405 1858 589 1902 Maxilla
626 1855 805 1897 inferior
839 1854 999 1907 vbiquo
1037 1868 1116 1895 vna
1153 1855 1261 1895 linea
1298 1853 1470 1908 longior
1507 1851 1732 1903 latiorque.

317 1926 522 1969 latitudo
559 1921 707 1977 capitis
746 1920 794 1961 ad
833 1919 986 1960 oculos
1119 1941 1140 1950 -
1270 1941 1290 1950 ..
1421 1938 1439 1946 -
1570 1937 1590 1945 -
1686 1935 1707 1943 ..
1798 1932 1818 1940 -
1854 1910 1912 1955 σς,

319 2014 422 2021 -——-
553 2010 656 2018 —-—
740 1985 789 2026 ad
828 1984 1012 2026 nucham
1144 2006 1164 2013 -
1310 2004 1331 2013 -
1477 2002 1498 2010 -
1645 1999 1665 2008 -
1796 1996 1817 2006 -
1858 1982 1898 2017 s.

321 2054 527 2098 Distantia
563 2051 794 2091 oculorum
830 2050 939 2089 inter
976 2046 1013 2088 se
1210 2069 1230 2078 -
1410 2068 1443 2090 ,-
1637 2065 1658 2073 -
1858 2049 1898 2087 5.

387 2141 490 2148 -—-
559 2116 720 2156 narium
759 2115 868 2155 inter
910 2112 948 2153 sc
1145 2134 1166 2143 -
1390 2132 1410 2140 ·
1558 2110 1563 2115 ’
1641 2128 1661 2138 -
1862 2114 1883 2140 2

386 2206 490 2213 —-—
559 2181 786 2221 oculorum
826 2193 846 2221 a
885 2176 1054 2219 naribus
1248 2198 1268 2206 -
1462 2195 1481 2204 -
1676 2192 1696 2201 -
1801 2189 1821 2199 -
1861 2179 1901 2205 2.

389 2270 494 2279 -—-
563 2247 726 2288 narium
763 2244 814 2287 ab
851 2244 968 2299 apice
1006 2241 1203 2283 maxillae
1240 2239 1467 2294 superioris
1569 2259 1588 2267 ·
1685 2256 1705 2265 -
1801 2255 1822 2262 -
1862 2244 1900 2270 2.
