2003 2700
240 243 298 300 32
762 234 1009 288 nls'T
1046 229 1307 286 o‘1RE.

235 360 441 412 'frustula‚
496 360 537 399 in
585 357 806 412 superficie
851 357 919 400 sua
963 368 1128 400 tantum
1174 357 1323 400 mollia
1365 366 1524 413 erunt,
1577 367 1621 400 et
1655 360 1839 403 odorem

234 435 390 485 'purum
435 423 789 464 ammoniacalem
835 423 1025 464 olebant.
1096 423 1237 480 Quam
1284 423 1471 477 primum
1509 434 1649 465 autem
1689 426 1841 467 carbo·

234 503 337 534 num
382 488 527 545 puluis
570 500 680 542 aqua
724 488 892 546 ablutus
938 487 1105 536 suerat;
1160 489 1343 528 odorem
1380 488 1599 540 putridum
1646 489 1840 545 dedere,

237 568 366 611 quem
403 553 530 595 etiam
569 553 766 594 coctione
804 565 891 594 non
929 552 1184 593 amiserunt:
1236 552 1284 604 3)
1321 551 1464 605 puluis
1487 552 1738 593 ‘cai-bonum
1774 563 1842 596 to·

232 626 302 662 tus
324 649 338 673 ‚
374 628 557 673 quantus
593 628 716 671 erat,
752 615 1012 658 mades-aetus
1050 615 1167 658 alcali
1205 615 1382 658 volatile
1418 615 1612 670 spirabat.

428 728 464 782 §.
507 741 578 778 13.
647 728 727 769 His
764 727 966 769 omnibus
1003 728 1262 783 perspesti5‚
1313 727 1548 768 carbonum
1591 728 1632 768 in
1670 741 1840 771 carnem

229 793 448 849 putridam
492 795 635 844 aetio,
689 792 879 847 sequenti
913 793 1106 846 ratione,
1143 805 1243 834 meo
1280 793 1455 847 quidem
1489 792 1680 848 iudicio,
1715 793 1839 836 facile

233 859 439 914 explicari
475 858 627 913 potest.

428 953 686 1007 Carbones,
737 953 779 994 vi
815 952 986 1007 insignis
1025 951 1118 994 suae
1156 965 1254 993 cum
1291 950 1504 1006 principio
1548 950 1842 995 inflammabili

232 1018 444 1062 affinitatis
469 1050 481 1070 .,
519 1018 814 1060 exhalationes
852 1017 1124 1072 phlogisticas
1163 1030 1185 1056 e
1224 1030 1348 1057 carne
1385 1014 1651 1070 putrescente
1689 1019 1842 1073 expul-

231 1085 292 1126 sas
330 1083 585 1130 resorbent;
635 1095 725 1136 quo
762 1081 809 1122 fit
831 1111 845 1132 ‚
890 1092 935 1123 vt
971 1082 1267 1122 exhalationes
1303 1080 1425 1122 alcali
1462 1081 1651 1122 volatilis
1688 1095 1711 1123 a
1748 1082 1841 1123 soe·

232 1149 331 1190 ndis
378 1147 642 1203 phlogisticis
689 1146 918 1200 vaporibus
965 1148 1211 1199 separatae,
1263 1145 1337 1185 sub
1382 1146 1564 1199 proprio
1599 1145 1674 1186 suo
1709 1159 1844 1200 pene·

233 1222 371 1254 trante
408 1213 545 1253 odore
583 1212 746 1266 percipi
791 1211 961 1265 poliint.
1044 1209 1108 1250 At
1142 1222 1284 1262 vero,
1320 1223 1418 1250 cum
1455 1219 1569 1251 certa
1604 1208 1843 1251 carbonum

232 1263 445 1332 quantitas
499 1290 587 1318 non
633 1277 704 1317 nifi
751 1276 1079 1316 determinatam
1115 1275 1328 1328 quandam
1366 1274 1566 1327 principii
1604 1274 1844 1317 inflamma-

233 1342 328 1383 bilis
367 1341 614 1395 portionem
653 1339 878 1381 absorbere
915 1338 1072 1392 ponit,
1125 1339 1227 1388 hic,
1265 1350 1393 1392 quem
1431 1339 1568 1379 modo
1606 1339 1728 1388 dixi,
1765 1353 1843 1380 eo-

235 1418 330 1447 rum
375 1405 548 1446 effectus
597 1405 719 1445 ccss'et
764 1404 923 1443 neccsse
965 1402 1056 1453 est,
1106 1403 1340 1457 vtprimum
1378 1402 1490 1442 carni
1528 1404 1714 1443 adit-(tus
1752 1417 1844 1444 car·

235 1470 398 1511 bonum
443 1469 584 1525 puluis·
629 1468 814 1523 expulsis
859 1467 1092 1522 vaporibus
1144 1467 1411 1522 phlogisticis
1462 1466 1633 1521 prorsus
1687 1467 1845 1510 satura-

236 1544 301 1576 tus
338 1534 407 1575 est.
1093 1528 1097 1543 ⁴

429 1630 464 1684 ᾗ.
516 1643 584 1681 14.
673 1623 1002 1671 Reccnrior'ibus
1056 1629 1162 1670 meis
1215 1627 1583 1669 obseruationibus
1638 1637 1842 1683 expertus

236 1697 324 1738 sum
370 1696 665 1748 sesquilibram
710 1694 945 1735 carbonum
998 1692 1274 1734 contusorum
1319 1704 1440 1734 antea
1492 1692 1628 1747 probe
1671 1694 1843 1734 exusto·

235 1774 328 1802 rum
375 1753 563 1801 sufficere
607 1761 657 1800 ad
703 1759 985 1800 auertendum
1030 1768 1308 1811 empyreuma
1354 1768 1399 1798 et
1442 1758 1638 1798 colorem
1675 1755 1840 1798 fuscum

236 1826 372 1867 lixiuii
411 1826 519 1866 acidi
566 1825 743 1876 tartari,
796 1835 821 1864 e
856 1823 1205 1864 ducentisdecem
1242 1822 1361 1864 libris
1400 1821 1694 1874 crystallorum
1729 1821 1844 1864 Tar·

235 1893 310 1932 tari
334 1921 348 1944 ,
384 1889 573 1945 separati.

429 1986 464 2039 ξ.
511 1997 580 2034 15.
652 1985 768 2040 Quin
806 1985 934 2025 ctiam
979 1997 1117 2037 nuper
1162 1984 1268 2024 mihi
1315 1983 1525 2035 sncceffit‚
1579 1993 1707 2037 quam
1751 1993 1843 2022 ma·

235 2051 376 2097 xime„
419 2051 564 2090 brunis
601 2060 967 2103 cmpyreumaqne
1005 2049 1266 2089 foetentibus
1312 2049 1494 2097 mariis,
1554 2060 1575 2087 a
1619 2058 1842 2100 praepara·

238 2116 353 2156 tione
399 2115 505 2154 acidi
555 2115 694 2155 tartari
738 2127 794 2154 eo
840 2124 1071 2167 tempore,
1127 2126 1258 2165 quum
1305 2111 1554 2167 singularem
1605 2111 1841 2152 carbonum

234 2179 541 2239 proprietatem
579 2177 825 2233 phlogiston
863 2177 1099 2218 attrahendi
1139 2178 1331 2218 nondum
1369 2176 1632 2229 detexerim,
1666 2175 1841 2229 relietis,

236 2243 486 2286 albillimuin
525 2242 692 2297 prorsus
731 2255 862 2297 aquae
899 2242 1076 2283 similem
1115 2242 1311 2283 colorem
1349 2240 1606 2295 conciliare,
1651 2250 1695 2282 ct
1729 2238 1842 2293 opti-

236 2322 323 2350 mas
361 2308 500 2350 adhuc
537 2307 751 2359 crystallus
788 2321 843 2349 cx
878 2308 928 2348 iis
967 2308 1208 2362 impetrare.

1691 2410 1728 2465 §-
1768 2413 1839 2452 ισ.
