2003 2700
847 155 1190 207 m(256)
1227 174 1376 199 εξ

295 284 438 317 aortac
484 271 780 311 conditionem
818 269 1092 322 exposuero,
1147 271 1250 326 quid
1287 271 1496 326 imprimis
1531 270 1758 313 verifimile
1794 271 1901 316 mihi

296 341 347 380 de
386 338 462 378 hac
502 349 543 376 re
580 336 788 376 videatur.
859 333 929 376 Sic
965 334 1128 376 iuterna
1166 336 1303 377 tenuis
1341 349 1446 390 ergo
1467 345 1610 377 aortae
1636 336 1902 389 membrana,

294 403 345 443 fic
383 401 526 442 tunica
563 400 703 451 emisa,
741 411 847 453 quae
884 399 1100 453 propriam
1137 400 1228 440 eius
1265 400 1531 442 substantiam
1567 400 1716 454 efficit,
1751 401 1803 443 ab
1839 400 1901 442 al-

294 478 381 508 tera
417 465 606 506 vulneris
642 464 913 505 extremitate
949 464 1001 505 ad
1035 464 1209 504 alteram
1247 477 1399 519 vsque,
1434 465 1489 506 fic
1525 465 1698 506 tandem
1725 474 1901 507 externa

294 531 421 574 huius
458 530 586 585 partis
623 539 764 570 aortae
803 527 1047 569 membrana
1085 540 1275 583 quoque,
1309 543 1331 570 a
1366 530 1618 582 peritonaeo
1637 529 1902 581 continuata,

295 596 363 637 scd
401 595 504 636 haec
543 594 718 647 quidem
756 605 842 633 non
878 593 928 634 ad
964 593 1170 633 summam
1198 594 1515 635 extremitatem
1536 593 1902 647 vsque‚diffe6tae

298 659 409 716 quasi
445 660 643 699 inuentae
681 657 786 697 sunt.
857 656 975 698 Haec
1011 657 1125 698 enim
1161 657 1370 711 posterior
1405 658 1662 713 supremam,
1689 659 1760 700 vel
1781 670 1905 710 quar-

296 722 557 778 tam.quas1,
592 721 778 762 vulneris
814 731 996 775 partem,
1031 720 1202 763 extensa
1237 721 1432 775 quidem,
1468 732 1509 763 at
1543 721 1706 776 integra
1743 732 1903 773 tamen,

296 787 433 830 tenuis
479 797 522 827 et
565 785 778 840 pellucida
825 784 1018 835 tegebat;
1068 793 1115 822 vt
1159 784 1422 834 superiorem
1458 787 1774 826 extremitatem
1808 786 1905 827 vul-

295 853 406 895 neris
461 849 659 903 propriae
714 845 863 886 craffae
900 844 1066 884 tunicae
1103 853 1438 898 transparentem
1475 857 1551 899 per
1585 847 1702 887 illam
1739 847 1907 902 conspi-

296 928 392 957 cere
429 913 592 954 liceret.
663 909 882 950 Nimirum
919 908 970 948 ab
1005 908 1182 949 internis
1220 910 1401 950 omnino
1437 910 1500 950 vis
1537 909 1733 963 soluens,
1777 924 1908 965 quae-

296 991 467 1034 cunque
503 977 606 1018 haec
645 974 799 1026 fucrit,
846 973 898 1014 ad
935 974 1142 1027 parietem
1179 973 1355 1014 arteriae
1392 975 1600 1029 applicata
1636 974 1730 1016 fuit.
1799 975 1907 1017 Pro-

296 1046 386 1101 pria
423 1041 546 1084 crassa
582 1040 758 1091 tunica,
794 1038 961 1079 firmior
996 1037 1206 1092 quidem,
1242 1049 1283 1079 at
1317 1039 1470 1080 cedere
1507 1038 1676 1090 nescia,
1712 1041 1754 1080 vi
1790 1041 1907 1081 aucta

297 1108 479 1163 rupisse,
515 1116 708 1155 externa,
744 1104 914 1144 tenuior
951 1102 1233 1156 molliorque,
1269 1101 1339 1143 sed
1377 1114 1521 1155 tenax,
1555 1103 1724 1144 extensa
1759 1105 1904 1159 potius

297 1175 340 1215 in
377 1173 454 1215 hac
491 1170 605 1222 sede,
641 1168 838 1209 cedendo
872 1168 961 1208 vim
997 1167 1167 1208 euitaffc
1202 1167 1386 1208 videtur.

490 1299 563 1341 Ab
598 1298 702 1348 hoc,
740 1310 867 1351 quem
905 1296 1106 1338 hactenus
1128 1298 1234 1347 dixi,
1265 1296 1414 1336 infimo
1438 1296 1716 1349 maximoque
1740 1304 1907 1338 tumore

300 1364 465 1407 medius
503 1362 798 1405 constrictione
835 1372 977 1402 aortae
1015 1361 1228 1402 distinctus
1265 1361 1334 1400 est.
1404 1359 1657 1402 constrictio
1696 1361 1905 1414 imprimis

299 1431 341 1471 in
379 1427 581 1470 anteriori
617 1426 837 1480 superficie
873 1426 1079 1479 insignem
1117 1427 1154 1465 se
1192 1425 1383 1478 praebet,
1419 1424 1489 1463 vbi
1514 1425 1708 1477 vtrinque
1733 1426 1844 1477 larga
1865 1435 1908 1465 et

301 1494 395 1536 satis
434 1491 648 1547 profunda
685 1491 896 1544 imprcssio
934 1499 1123 1544 apparet,
1160 1488 1296 1541 (Tab.
1319 1488 1350 1528 l.
1375 1502 1410 1529 a.
1434 1488 1495 1542 b.)
1526 1502 1605 1542 qua
1643 1499 1682 1529 ct
1718 1489 1906 1542 superius

301 1558 491 1600 medium
527 1566 570 1596 ct
605 1554 781 1596 inferius
818 1555 1015 1595 infimum
1053 1554 1176 1594 tuber
1210 1553 1440 1607 prominet.
1511 1553 1558 1593 ln
1596 1553 1814 1607 posteriori
1846 1553 1909 1593 su-

300 1622 476 1680 perficie
513 1620 622 1675 plica
660 1619 859 1660 notabilis
899 1619 974 1660 hac
1012 1619 1096 1673 ipsa
1132 1617 1426 1660 constrictione
1464 1617 1671 1669 efficitur,
1727 1631 1809 1672 qua
1845 1619 1910 1658 su-

300 1689 446 1743 perior
482 1698 578 1739 pars
615 1695 774 1730 aortae,
812 1684 1008 1738 proxima
1046 1682 1181 1723 tuber-i
1221 1683 1387 1732 infimo,
1422 1682 1636 1736 augustior
1669 1693 1710 1722 ct
1737 1683 1910 1735 deprcs-

300 1752 416 1802 fior,
467 1750 677 1801 tuberque
721 1748 898 1788 inferius
943 1746 1078 1800 ipsum
1115 1747 1341 1800 angustiori
1379 1758 1521 1788 aortac
1559 1747 1662 1800 parti
1701 1746 1811 1800 quasi
1847 1747 1911 1786 in-

302 1815 479 1858 cumbit.
549 1812 756 1854 Ambitus
792 1821 934 1853 nortae
972 1812 1012 1850 in
1051 1812 1128 1852 hac
1167 1812 1257 1852 sede
1295 1812 1521 1865 augustiori
1559 1811 1767 1865 pollicum
1806 1823 1908 1864 qua·

303 1891 403 1921 tuor
446 1888 489 1920 et
533 1878 661 1918 trium
707 1877 914 1917 linearum
950 1875 1018 1916 est.
1106 1876 1175 1917 Sic
1213 1877 1546 1928 circumquaque
1585 1875 1687 1915 haec
1724 1874 1907 1926 tubera,

304 1945 377 1987 fibi
415 1952 567 1985 mutuo
604 1942 872 1998 propinqua,
908 1950 1047 1981 tamen
1084 1950 1126 1981 et
1163 1954 1183 1981 a
1221 1941 1258 1981 sc
1297 1950 1447 1980 mutuo
1486 1940 1811 1994 distinguuntur.

499 2069 699 2111 Medium
745 2068 870 2110 tuber
910 2078 1072 2124 partem
1119 2082 1292 2110 omnem
1341 2079 1481 2109 :tortae
1527 2068 1577 2108 ab
1622 2069 1712 2107 cius
1749 2066 1908 2121 cgrcss‘u

306 2148 362 2178 ex
406 2134 646 2189 pericardio
684 2134 733 2174 ad
772 2146 864 2175 eam
902 2134 1042 2175 sedem
1080 2147 1214 2188 vsque
1250 2144 1466 2187 occupat,
1526 2146 1604 2185 qua
1645 2145 1784 2171 ramos
1811 2144 1909 2172 *ma-

307 2200 421 2241 iores
458 2199 544 2249 illa,
581 2200 889 2240 innominatam
927 2199 1121 2241 arteriam
1159 2199 1482 2251 carmide-mque
1522 2197 1716 2236 sinistram
1754 2207 1794 2236 et
1817 2195 1911 2235 sub·

309 2265 489 2307 clauiam
525 2264 723 2306 sinistram
762 2264 872 2313 cdit5
919 2274 962 2305 vt
997 2274 1137 2305 tamen
1173 2277 1227 2305 cx
1263 2264 1352 2318 ipso
1389 2264 1473 2305 hoc
1513 2262 1659 2302 tuberc-
1698 2262 1778 2301 iam
1817 2260 1910 2300 illae

1803 2333 1911 2364 aric-
