2003 2700
807 148 961 172 ’--
993 134 1150 198 (278)
1181 157 1335 174 --

268 259 481 304 crescebat
499 265 544 299 et
570 257 621 300 ad
650 256 871 300 dimidiam
908 259 1079 302 vnciam
1115 258 1259 303 rediit.
1329 256 1444 304 Cum
1478 259 1603 305 acido
1638 258 1739 306 nitri
1755 257 1878 322 [tem-

266 326 400 383 petati
435 325 527 380 pari
564 325 700 365 modo
723 322 1000 366 feruescebat.

458 453 601 496 Vncia
639 453 850 510 puluerati
895 453 1012 510 gypsi
1049 453 1445 511 chalcedonizantis
1481 456 1603 498 crudi
1638 455 1681 498 in
1717 467 1878 502 retorta

267 519 500 574 aliquoties
539 532 645 572 aqua
690 518 873 560 feruenti
918 519 1119 568 elutrita;
1171 520 1419 575 pelliculam
1465 522 1696 564 calcaream
1744 533 1880 577 aquae

265 586 435 627 induxit
472 594 514 626 et
551 584 817 637 aliquantulo
856 583 985 639 Gypfi
1022 584 1146 626 soluti
1191 586 1372 626 eandem
1417 585 1633 628 saturauit.
1701 587 1880 629 Refidu-

264 664 336 692 um
374 650 569 691 ablutum
593 649 662 690 sex
691 650 914 690 drachmas
950 651 1148 703 aequauit
1167 661 1209 690 et
1231 651 1514 692 calcinatione
1550 652 1690 695 adhuc
1727 652 1882 695 drach-

264 728 379 757 mam
416 714 571 762 amisit5
610 725 749 767 neque
785 716 926 755 minus
963 728 1062 756 cum
1098 716 1229 756 acidis
1266 714 1479 756 efferbuit.

456 840 648 893 Gypsum
685 841 780 879 a‘c're
816 846 859 879 et
895 837 982 878 sole
1036 838 1192 878 tostum
1214 866 1227 890 ‚
1279 838 1404 878 simili
1451 839 1588 881 modo
1623 841 1877 899 traciatum,

264 907 415 950 eadem
452 905 573 947 dedit
607 903 859 945 consectaria
896 913 938 944 et
971 903 1177 958 ponderis
1213 902 1274 945 sui
1319 905 1571 946 tantundem
1608 906 1756 947 amisit.

462 1033 592 1090 Gypfi
645 1033 1040 1076 chalcedonizantis
1080 1030 1241 1076 Caroni
1288 1033 1330 1074 in
1382 1033 1484 1076 statu
1531 1034 1669 1076 crudo
1722 1033 1878 1089 sumpti

261 1099 385 1142 vncia
420 1112 502 1141 vna
536 1101 577 1140 in
616 1110 807 1153 retorta,
860 1112 957 1140 cum
996 1099 1151 1140 lixiuio
1187 1112 1209 1140 e
1245 1098 1337 1140 salis
1375 1099 1514 1140 tartari
1553 1098 1767 1140 drachmis
1805 1099 1878 1142 sex

262 1166 495 1217 confecto,
548 1164 777 1218 aliquoties
823 1165 872 1205 ad
919 1165 1127 1206 cociiouis
1181 1164 1360 1219 gradum
1414 1163 1603 1218 digesta,
1657 1164 1876 1217 liquorem

261 1229 457 1285 praebuit
502 1230 768 1282 alcalirium7
821 1242 908 1284 quo
953 1239 1187 1284 euaporato
1232 1229 1394 1284 prodiit
1438 1229 1558 1270 alcali
1612 1228 1877 1270 vitriolatum

260 1304 304 1335 et
340 1295 551 1336 rcfiduum
589 1294 830 1335 alcalinum.
873 1294 1119 1335 Terrenum
1156 1293 1369 1335 refiduum
1407 1293 1533 1334 huius
1570 1294 1876 1348 experimenti,

259 1359 396 1414 probe
470 1359 770 1400 edulcoratum
831 1367 875 1398 et
924 1358 1160 1413 ficcatum,
1223 1359 1396 1414 pondus
1451 1357 1524 1400 sex
1574 1359 1874 1401 drachmarum

261 1436 358 1464 cum
395 1424 534 1478 grauis
572 1423 630 1465 V.
653 1423 864 1478 aequauit.

453 1551 591 1594 Simili
630 1553 764 1594 modo
812 1552 1031 1594 traCiatum
1073 1551 1299 1607 Gypsum,
1355 1552 1472 1607 quod
1511 1551 1594 1593 a'eri
1631 1551 1871 1608 expolitum

260 1617 426 1668 fucrat5
463 1616 676 1660 residuum
714 1617 786 1659 sex
821 1627 985 1659 tantum
1023 1618 1321 1659 drachmarum
1361 1617 1475 1658 fecit.

454 1746 601 1788 Puluis
640 1745 769 1800 Gypfi
807 1748 944 1798 crudi,
964 1746 1055 1800 post
1091 1748 1397 1788 extructionem
1435 1759 1533 1788 cum
1572 1747 1725 1788 lixiuio
1760 1746 1872 1788 alca-

259 1811 349 1852 lino
385 1811 606 1867 reliquus,
657 1811 813 1852 cinerei
851 1823 941 1853 erat
976 1813 1162 1861 coloris,
1201 1826 1389 1867 cumque
1427 1814 1554 1852 toties
1593 1825 1689 1852 cum
1729 1811 1874 1865 supcr-

258 1875 350 1916 fuso
388 1878 511 1918 acido
550 1877 646 1917 nitri
685 1877 825 1929 digcffi
849 1906 862 1928 ‚
915 1877 1052 1917 donec
1093 1879 1348 1918 nzcnllruum
1387 1887 1640 1917 renouatum
1683 1875 1869 1930 perfecie

257 1942 426 1982 acidum
474 1941 636 1982 mansit.
707 1940 837 1982 Tunc
874 1955 978 1983 vero
1022 1942 1230 1983 rcfiduum
1276 1942 1444 1997 penitus
1490 1941 1790 1981 edulcoratum
1827 1951 1870 1982 ct

257 2005 454 2046 liccatum
496 2008 666 2060 triginta
703 2016 865 2047 tautum
903 2020 1027 2062 grana
1067 2008 1258 2060 pondere
1295 2006 1515 2060 aequabat.
1603 2005 1743 2048 Color
1777 2006 1869 2046 cius

255 2069 405 2109 itidem
462 2071 681 2121 cinereus,
742 2072 951 2125 ignitione
991 2071 1237 2118 obscurior„
1295 2086 1373 2126 qua
1412 2082 1572 2112 tantum
1612 2072 1740 2111 vnico
1777 2083 1870 2124 gra-

257 2147 313 2174 no
352 2135 487 2175 leuius
527 2135 805 2184 reddebatur;
843 2137 974 2178 atomi
1017 2138 1243 2190 magnerici
1284 2139 1354 2177 xix
1379 2136 1594 2190 conspicui
1634 2137 1732 2176 iude
1768 2135 1866 2176 clici

255 2209 501 2253 potuerunt.
576 2200 688 2241 Vera
723 2200 776 2243 fic
815 2202 974 2256 prodiit
1011 2213 1117 2242 terra
1166 2203 1327 2257 silicea,
1383 2215 1490 2258 quae
1528 2215 1625 2243 cum
1665 2201 1743 2243 sale
1783 2211 1868 2242 tar·

256 2265 333 2305 tari
371 2265 532 2307 fufionc
571 2266 728 2308 vitrum
767 2268 883 2309 dedit
920 2266 1146 2309 virescens.

1737 2331 1867 2372 Men·
