2003 2700
694 173 845 197 ,ιε-Ξ·
879 155 1032 213 (233)
1065 173 1216 200 a

161 275 234 320 lari
278 283 332 315 ex
374 272 490 314 fibris
534 272 770 314 addud'toris
807 273 979 314 maioris
1015 273 1070 326 a)
1093 303 1106 325 ‚
1159 274 1268 315 rcc‘ta
1305 273 1392 315 fere
1426 273 1549 329 super
1584 288 1743 318 conum

161 337 404 380 arteriosum
439 337 578 378 versus
615 337 808 378 arteriam
844 337 1137 390 pulmonalem
1173 338 1386 379 adscendit
1419 337 1498 392 b),
1537 351 1579 381 et
1613 355 1745 394 angu-

156 403 244 443 lum
292 402 463 455 quidem
509 403 702 442 dextrum
741 400 841 442 bafis
880 401 1003 441 huius
1040 402 1214 442 arteriae
1250 402 1317 443 sua
1352 402 1579 446 insertione
1615 419 1746 447 occu-

155 474 228 522 pat
262 468 335 520 c).
409 467 491 507 Hic
527 479 619 506 eam
654 475 815 520 partem
851 478 988 518 crgo,
1033 466 1260 519 angulum,
1297 465 1366 507 seu
1401 466 1507 509 latus
1545 470 1742 511 dextrum

159 529 258 570 bafis
295 531 467 572 arteriae
503 530 743 583 orificiique
779 529 963 571 arteriofi
1000 530 1224 583 deprimit,
1259 530 1492 586 efficitque,
1529 544 1574 574 vt
1610 535 1745 576 obue-

157 594 344 634 nicntem
386 594 629 647 sanguinem
675 594 823 635 arteria
863 606 916 633 eo
953 593 1150 646 facilius,
1202 595 1500 650 celeriusque,
1553 599 1742 652 recipiat.

158 655 398 711 Obliquum
436 658 593 698 scilicet
628 658 775 698 arteria
810 658 1066 711 pulmonaIis
1102 658 1287 712 respeftu
1326 660 1426 700 bafis
1462 662 1601 702 cordis
1622 663 1744 704 situm

142 720 284 760 ,habet
318 723 360 761 in
397 721 496 762 statu
534 722 684 775 quietis
721 722 798 774 d).
877 722 1164 764 Sinistrorsum
1200 732 1243 763 et
1277 723 1504 764 retrorsum
1540 725 1744 780 inclinat,

154 794 197 824 et
233 784 333 825 baiis
372 786 669 838 orificiumque
706 786 814 824 reeta
849 787 989 824 versus
1020 786 1253 837 marginem
1273 789 1526 828 anteriorem
1550 789 1744 843 spestant.

155 846 273 887 Dum
319 848 534 889 musculus
579 860 683 901 ergo
721 847 923 888 addufior
957 849 1099 889 minor
1134 849 1240 889 latus
1277 851 1476 891 dextrum
1513 854 1744 906 deprimit5

157 912 198 951 in
243 925 340 951 eum
386 913 534 952 arteria
577 911 697 950 situm
740 912 978 963 redigitur,
1034 922 1078 952 vt
1120 915 1227 954 reeta
1271 913 1358 955 fere
1396 928 1450 956 ex
1487 916 1566 957 basi
1603 920 1743 960 cordis

157 977 410 1029 egrediatur,
447 974 614 1014 orificio
651 973 852 1014 arterioso
889 977 1050 1027 apicem
1089 978 1221 1029 magis
1249 991 1374 1031 quam
1399 981 1631 1034 marginem
1652 996 1747 1024 ver-

154 1038 220 1078 sus
257 1039 476 1092 speetante.
545 1038 614 1080 Sic
650 1037 773 1079 aliam
809 1038 977 1090 systoles
1015 1049 1226 1092 tempore,
1262 1042 1385 1082 aliam
1422 1043 1462 1083 in
1500 1044 1601 1085 statu
1629 1048 1746 1099 quie-

156 1102 226 1152 tis,
271 1103 420 1143 arteria
462 1102 752 1155 pulmonaIis‚
806 1103 1014 1156 imprimis
1061 1105 1161 1145 bafis
1206 1105 1293 1146 eius
1330 1116 1373 1147 et
1406 1121 1500 1162 pars
1537 1108 1748 1164 inferior,

153 1166 340 1221 respectu
384 1167 524 1207 cordis
559 1166 815 1221 positionem
851 1166 992 1208 habet.

259 1293 374 1336 Acho
405 1295 653 1349 posterioris,
691 1304 727 1336 et
762 1297 878 1336 trium
913 1296 1166 1338 adduam-um
1201 1297 1370 1340 achones
1404 1300 1641 1342 coniunc'lae.

347 1391 473 1432 Haud
509 1391 691 1430 multum
727 1392 853 1432 etiam
890 1392 1096 1444 posterior
1132 1394 1201 1435 seu
1236 1395 1437 1437 minimus
1460 1398 1633 1438 arteriae
1653 1397 1748 1452 pul-

156 1455 336 1496 monalis
374 1455 576 1496 addue'tor
611 1455 784 1495 astionis
819 1454 1006 1508 respeeru
1043 1457 1195 1498 differt.
1278 1459 1396 1512 Hic,
1442 1471 1560 1502 ortus
1597 1463 1638 1502 in
1675 1476 1749 1516 pa-

156 1521 259 1560 riete
304 1520 524 1573 posteriori
570 1519 668 1559 coni
715 1519 900 1560 arteriosi
936 1520 1020 1573 e),
1075 1521 1253 1576 oblique
1296 1524 1436 1564 versus
1475 1525 1583 1565 basin
1621 1526 1746 1568 huius

153 1584 328 1625 arteriae
380 1583 624 1634 adscendit,
677 1593 925 1637 partemque
971 1585 1060 1625 eius
1104 1586 1380 1640 posteriorem
1418 1588 1483 1630 sua
1519 1589 1747 1632 insertione

157 1657 352 1701 occupat.
422 1648 543 1689 Hanc
577 1656 736 1701 partem
773 1661 878 1702 ergo
914 1648 1190 1701 posteriorem
1227 1650 1327 1692 bafis
1349 1653 1613 1694 dextrorsum
1637 1655 1749 1696 obli-

160 1725 241 1766 que
277 1712 501 1765 deprimit,
536 1711 603 1752 seu
641 1713 815 1754 retrahit
849 1713 898 1754 ad
935 1715 1233 1756 ventriculum.
1304 1715 1532 1759 Coniune'ii
1569 1728 1651 1759 tres
1687 1720 1748 1760 isti

155 1777 422 1827 adduc‘tores‚
459 1777 559 1816 dum
595 1775 715 1817 fimul
749 1787 895 1831 agunt,
929 1778 1023 1832 plus
1063 1792 1186 1834 quam
1224 1780 1441 1822 dimidiam
1461 1792 1624 1837 partem
1645 1784 1750 1826 dex-

1619 1849 1749 1889 terio-

252 1931 1744 1951 Ἣ

234 1980 282 2022 α)
333 1977 417 2012 Tab.
446 1979 531 2013 VIII.
558 1993 582 2015 r.
608 1991 628 2016 t.

233 2040 280 2085 h)
334 2042 418 2076 Τὼ.
447 2041 536 2078 vm.
564 2057 607 2079 w.

232 2106 275 2151 c)
328 2105 412 2139 Ταῦ.
443 2104 541 2143 V111.
567 2120 597 2145 x.
646 2109 730 2146 Tab.
757 2110 833 2151 vn,
864 2113 899 2146 A.
928 2111 958 2147 b.

233 2167 282 2211 A)
334 2167 408 2200 'rab
447 2167 525 2202 vu.
553 2171 603 2205 M.

233 2234 275 2276 e)
328 2229 409 2264 Τὼ.
436 2230 523 2264 VIII.
552 2243 583 2278 g.

223 2314 340 2356 Noua
359 2316 462 2356 „1⁶70
480 2316 609 2357 Acad.
633 2317 732 2372 Imp.
751 2319 820 2361 Sc.
839 2319 882 2360 T.
905 2319 953 2360 V.
1280 2324 1317 2367 G
1352 2339 1380 2378 g
