2003 2700
663 178 812 193 -——
851 159 1009 215 (22⁵)
1046 196 1193 202 —-

149 279 290 332 ginem
323 273 469 324 hunc,
518 272 656 313 sedem
692 273 820 326 partis
854 272 1056 324 venosae,
1091 271 1362 314 mobiliorem
1398 274 1449 315 ad
1484 274 1721 318 arteriosam

146 348 306 394 partem
327 347 370 377 et
396 336 533 378 versus
570 336 676 376 basin
712 336 819 375 recta
855 334 1026 374 arteriae
1062 336 1318 387 pulmonalis
1353 339 1579 379 adducunt.
1618 341 1725 382 Sunt

146 414 248 454 ergo
285 400 572 440 c011stri6tores
607 398 727 439 fimul
762 399 890 451 partis
925 401 1101 437 venolae
1137 400 1360 440 ventriculi
1396 411 1438 441 et
1473 404 1725 446 addustores·

144 464 333 504 eiusdem
369 473 412 503 et
447 463 644 516 marginis
679 461 903 515 praecipue
938 461 1157 501 anterioris
1196 463 1245 502 ad
1282 473 1442 516 partem
1484 469 1724 510 arteriosam

145 537 188 567 et
226 526 367 567 versus
410 527 582 567 arteriae
625 525 880 579 pulmonalis
926 523 1048 563 basin.
1115 524 1318 579 Dumque
1362 528 1604 582 sanguinem
1649 546 1725 575 ex-

144 591 356 643 primunt,
391 590 475 629 hoc
511 589 625 629 nulla
658 589 736 629 alia
770 587 817 626 fit
851 586 1037 638 ratione,
1089 588 1160 627 nifi
1194 599 1240 629 vt
1273 590 1315 629 in
1351 602 1512 643 partem
1549 597 1725 637 arterio-

143 653 227 693 sam
261 665 358 692 eum
394 661 436 691 et
468 651 608 691 versus
642 650 934 703 pulmonalem
970 650 1161 690 arteriam
1198 653 1306 692 resta
1340 656 1593 707 propellant.
1662 660 1725 701 Vt

142 715 274 767 magis
309 714 434 753 etiam
469 714 770 768 adductorum,
807 725 933 769 quam
968 714 1287 756 constrictorum
1321 716 1612 761 musculorum
1646 736 1725 765 no-

141 778 256 818 mine
289 777 432 818 venire
469 776 662 818 debeant.

731 908 769 949 A
774 907 846 948 έῖἱο
881 907 1121 962 bafilarium.

331 996 524 1037 Eandem
575 995 851 1037 direffionem
896 999 1075 1039 omnino
1130 999 1317 1042 bafilares
1370 1016 1542 1058 quoque
1595 1008 1724 1050 fibrae

137 1060 324 1114 respectu
360 1061 487 1113 partis
523 1059 702 1101 venosae
745 1060 1002 1112 ventriculi,
1056 1072 1258 1115 quatenus
1303 1079 1379 1118 per
1423 1080 1515 1110 eam
1559 1083 1722 1125 partem

139 1123 464 1174 distribuuntur,
506 1123 674 1163 habent.
741 1123 839 1164 Pars
876 1125 989 1163 enim
1026 1125 1204 1166 bafilaris
1240 1127 1324 1181 ipsa
1359 1135 1621 1175 transuerfim
1658 1138 1723 1178 su-

138 1200 215 1241 per
250 1186 355 1226 hanc
389 1186 641 1239 postremam
676 1186 802 1239 partis
837 1186 1040 1238 venosae,
1075 1192 1316 1243 proximam
1354 1194 1520 1237 orificio
1542 1200 1718 1254 venoso,

138 1250 382 1303 portionem
414 1250 711 1302 progreditur,
755 1250 932 1301 eiusque
967 1255 1220 1293 anteriorem
1256 1256 1324 1294 seu
1361 1257 1619 1310 superiorem
1655 1265 1722 1305 su·

137 1312 356 1366 perficiem
392 1312 508 1364 tegit.
544 1313 591 1364 a)
657 1310 831 1362 fibrae,
885 1325 976 1353 eam
1011 1326 1174 1368 partem
1220 1326 1435 1372 tegentes,
1486 1323 1722 1377 longitudi-

140 1388 238 1415 nem
272 1374 398 1428 Partis
435 1374 686 1426 sequuntur,
721 1373 766 1426 b)
788 1384 830 1414 et
863 1376 1016 1428 pariter
1049 1391 1152 1432 ergo
1189 1383 1452 1424 transuerfim
1487 1386 1608 1440 super
1641 1405 1723 1445 po·

138 1438 329 1478 stremam
371 1438 487 1477 illam
529 1437 655 1490 partis
700 1438 878 1477 venosae
920 1442 1200 1492 portionem,
1259 1446 1456 1496 proxime
1502 1450 1573 1490 sub
1627 1455 1718 1508 ipso

139 1501 306 1541 orificio
348 1500 505 1540 venoso
549 1500 892 1553 progrediuntur.
976 1503 1073 1545 Pars
1119 1516 1260 1546 autem
1306 1508 1482 1552 bafilaris
1534 1519 1719 1561 maxime

139 1565 191 1605 ad
234 1563 431 1604 venosam
474 1573 632 1615 partem
676 1563 872 1616 pertinet.
961 1565 1080 1621 Quae
1125 1571 1239 1610 enim
1281 1574 1423 1624 portio
1469 1577 1557 1617 eius
1602 1592 1717 1624 retro

138 1640 306 1667 cremam
343 1626 554 1667 bafilarem
590 1626 659 1665 fita
694 1626 749 1666 est
783 1626 823 1679 c)
859 1631 1024 1680 mmm,
1077 1632 1228 1674 deinde
1266 1637 1466 1690 quicquid
1502 1642 1552 1682 ad
1589 1658 1720 1698 augu-

139 1691 227 1730 lum
264 1690 484 1730 ventriculi
528 1689 795 1730 efficiendum
832 1692 883 1732 de
927 1692 1082 1735 bufilari
1127 1696 1343 1749 superficie
1389 1707 1626 1759 concurrit,
1661 1711 1716 1763 d)

138 1753 187 1793 ad
223 1764 382 1805 partem
417 1752 685 1793 referendum
720 1753 775 1815 est
809 1756 1020 1797 venosam.
1075 1758 1137 1800 Vt
1170 1760 1255 1801 sola
1291 1761 1377 1804 fere
1413 1767 1619 1819 posterior
1654 1773 1719 1813 su-

140 1816 329 1868 perficies
367 1817 463 1856 coni
500 1816 684 1857 arteriofi
718 1824 766 1871 e)
818 1819 870 1860 ad
903 1830 1065 1873 partem
1109 1824 1373 1879 asteriolum,
1423 1831 1585 1884 reliqua
1620 1849 1715 1887 pars

1576 1897 1718 1940 bafila-

213 2008 248 2053 a)
275 2009 358 2042 Tab.
388 2011 482 2043 vm.

214 2057 251 2099 b)
279 2058 361 2091 Tab.
393 2057 493 2092 Vlll.
518 2072 538 2094 s.
565 2073 597 2105 y.
625 2074 655 2096 o.
683 2074 711 2098 z.
737 2065 756 2097 i.
782 2065 813 2099 h.

215 2108 252 2150 c)
279 2107 359 2139 Tab,
387 2108 475 2141 vm.
502 2121 545 2143 m.
572 2123 600 2143 n.
629 2124 660 2146 o.
686 2111 708 2145 l.

215 2156 250 2198 (l)
280 2155 365 2188 Tab.
392 2156 478 2189 Vlll.
506 2170 535 2200 y.
561 2172 582 2192 s.
609 2172 629 2193 s.

217 2204 254 2248 e)
282 2205 363 2238 ἰ’-αι).
391 2205 484 2238 vm.
510 2219 539 2241 2.
565 2207 595 2242 k.
620 2221 661 2243 w.
687 2212 704 2243 i.
731 2223 761 2258 g.
788 2214 820 2248 h.

202 2285 321 2327 Noua
339 2288 442 2329 Ac‘la
460 2289 588 2331 Acad.
607 2291 707 2346 Imp.
727 2294 796 2336 Sc.
818 2296 858 2336 T.
883 2297 930 2337 V.
1234 2303 1266 2344 F
1301 2306 1327 2344 s
