2003 2700
640 212 1173 258 HISTOIRE.
1643 232 1696 270 51

312 325 464 369 Carnis
503 325 682 367 bubulae
722 327 890 368 frustula
926 328 1090 381 aliquot
1126 342 1222 369 cum
1260 329 1490 372 carbonum
1527 332 1706 387 puluere

119 394 228 436 vitro
265 393 501 443 cylindrico
537 390 718 441 immisi,
771 391 998 443 illudque,
1033 391 1165 431 vesica
1203 393 1358 434 bubula
1394 396 1529 448 probe
1568 398 1708 438 muni-

119 468 244 507 tum,
295 458 336 497 in
382 456 482 495 loco
528 463 764 506 temperato
812 454 1058 507 collocaui,
1112 455 1274 507 aliaque
1321 459 1516 500 eiusdem
1572 463 1705 502 carnis

116 520 287 562 frustula
322 532 396 573 per
432 519 469 558 se
505 517 803 571 putrefactioni
839 518 1056 571 expolui.‘
1085 518 1368 570 Praeterlapsa
1405 524 1501 562 oc'to
1540 525 1707 565 dierum

116 584 468 636 intercapedine„
525 593 654 633 quum
700 581 803 621 haec
847 581 930 621 iam
973 582 1016 621 in
1061 583 1397 635 perfec‘iiffimam
1434 588 1708 637 putrefactio-

115 663 214 691 nem
269 647 473 694 abissent,
527 653 568 683 et
619 644 932 685 intolerabilem
988 646 1170 686 odorem
1225 647 1458 699 spirarent,
1511 662 1558 689 ea
1611 666 1710 693 cum

114 713 289 767 puluere
326 709 559 749 carbonum
596 709 860 749 commiscui.
916 709 1155 763 Extemplo
1193 711 1330 750 faetor
1366 724 1556 764 eorum,
1583 728 1709 767 quem

116 775 203 816 fere
240 774 432 815 sustinere
469 784 554 811 non
590 773 744 825 potui,
795 785 881 812 non
919 783 1082 813 tantum
1118 774 1257 813 subito
1295 775 1498 826 euanuit,
1555 779 1621 817 sed
1660 779 1712 818 il-

115 840 196 880 lius
231 850 400 892 quoque
438 836 538 875 loco
577 846 659 875 tam
698 836 829 876 suavis
867 838 1189 889 puriffimusque
1226 839 1346 879 alcali
1382 839 1565 881 volatilis
1597 842 1708 882 odor

114 902 332 951 succestst,
383 909 428 938 vt
464 899 740 938 admiratione
778 899 961 952 plenus,
1014 914 1164 952 magna
1202 915 1298 941 cum
1340 903 1561 956 voluptate
1599 905 1705 946 haec

115 965 247 1006 carnis
285 961 452 1003 frustula
489 974 543 1000 ex
577 961 796 1014 proposito
834 962 995 1018 diutule
1032 964 1202 1004 naribus
1240 966 1531 1007 admonerem.

301 1067 377 1108 Fas
415 1067 520 1107 mihi
556 1067 603 1107 fit
640 1067 926 1120 interrogare„
965 1081 1107 1109 annon
1145 1069 1308 1122 sperare
1345 1071 1494 1123 liceat,
1534 1072 1624 1114 fore
1662 1085 1708 1115 vt

106 1132 322 1186 singularis
353 1131 475 1171 huius
506 1131 736 1171 carbonum
768 1132 1038 1183 proprietatis
1074 1135 1267 1185 cognitio
1303 1135 1475 1175 salutare
1515 1138 1707 1178 medium

108 1197 310 1252 praebere
346 1194 468 1246 poffit
503 1195 720 1234 auertendi
757 1203 798 1233 et
834 1193 1121 1248 supprimendi
1169 1198 1318 1237 foetidi
1368 1198 1514 1238 odoris
1553 1202 1707 1242 vulne-

108 1273 201 1301 rum
239 1257 541 1312 putridorum,
601 1258 671 1310 qui
708 1259 747 1296 in
786 1258 1023 1311 chirurgica
1067 1260 1189 1313 praxi
1235 1270 1440 1314 quantum
1485 1264 1702 1306 molestiae

109 1323 227 1377 saepe
265 1322 436 1362 afferant
460 1349 474 1373 ‚
509 1321 551 1359 in
586 1320 738 1374 vulgus
778 1331 927 1361 notum
965 1323 1038 1363 est..

301 1430 536 1483 Vtcumque
578 1429 662 1470 hoc
708 1429 747 1469 se
792 1430 975 1479 habeat3
1032 1433 1117 1473 hoc
1164 1441 1303 1482 tamen
1356 1435 1699 1487 experimentum

109 1506 254 1535 meum
290 1495 330 1533 in
375 1493 730 1547 praelectionibus
787 1495 990 1536 chemicis
1049 1497 1271 1536 facillimae
1318 1498 1698 1552 demonstrationi,

112 1559 227 1611 quod
264 1571 286 1597 e
323 1557 574 1611 corporibus
596 1586 609 1607 .‚
663 1556 960 1610 putrefzrc'lioni
1008 1558 1230 1612 subiectis,
1291 1561 1410 1601 alcali
1447 1563 1620 1604 volatile
1658 1564 1697 1604 se

110 1623 301 1676 separet,
336 1621 536 1680 inseruire
573 1621 719 1683 potest.

299 1716 446 1757 Primo
468 1717 640 1764 quidem
676 1717 828 1756 intuitu
858 1730 912 1758 ex
938 1718 1232 1760 obseruatione
1269 1721 1403 1761 nostra
1442 1721 1563 1762 facile
1602 1724 1695 1776 quis

110 1778 367 1821 concludere
414 1780 579 1833 posset,
637 1781 989 1834 p11t1ef2161ionem
1026 1797 1257 1837 corporum
1296 1785 1528 1825 carbonum
1567 1787 1697 1827 inter-

108 1844 252 1884 medio
290 1845 421 1883 auerti
457 1846 604 1898 poffe3
658 1857 750 1884 rem
785 1857 889 1886 vero
926 1847 1045 1887 aliter
1082 1849 1120 1887 se
1157 1848 1310 1888 habere
1333 1877 1346 1902 ,
1392 1862 1447 1889 ex
1482 1849 1695 1905 sequenti-

106 1908 182 1948 bus
217 1907 390 1961 patebit.

596 1999 1073 2079 Experimentum
1127 2002 1200 2064 X.

297 2100 455 2154 Elapfis
496 2111 674 2153 quatuor
712 2103 1051 2146 hebdomadibus
1097 2107 1290 2157 vitrum,
1343 2106 1475 2147 carnis
1523 2106 1691 2147 frustula

110 2160 338 2202 carbonum
376 2165 540 2217 pulueri
575 2166 750 2215 immissa
795 2170 1044 2221 continens,
1083 2171 1256 2223 aperui:
1300 2170 1344 2222 Ι)
1382 2173 1491 2210 odor
1529 2184 1694 2211 ammo..

107 2225 275 2265 naicalis
315 2226 580 2279 subput1idus
618 2243 734 2270 nares
776 2230 987 2280 scriebat3
1030 2235 1074 2286 2)
1111 2233 1335 2287 supernum
1374 2235 1506 2273 carnis
1547 2236 1693 2275 frustu-

108 2287 196 2328 lum
233 2289 274 2327 in
317 2289 479 2342 pultem
524 2293 689 2343 penitus
736 2296 947 2336 redactum
995 2297 1289 2351 deprehendi,
1343 2297 1541 2338 inferiora
1584 2310 1689 2338 vcro

901 2373 926 2411 g
968 2371 989 2395 2
1541 2361 1687 2401 stultu-
