2003 2700
875 141 1213 195 (245)-

144 265 291 310 vertit3
327 260 384 302 ob
421 257 630 301 defectum
666 270 782 299 vvero
834 256 954 297 alcali
991 255 1065 296 fixi
1100 255 1301 310 simplex,
1337 254 1499 296 bonum
1534 254 1734 297 lixiuium

142 343 197 371 ex
225 325 435 368 cineribus
472 325 684 376 lignorum
723 321 916 362 coetione
953 329 1143 371 paratum
1169 330 1212 360 et
1244 319 1550 374 euaporatione
1585 320 1734 375 inspis-

141 393 272 434 satum
310 398 404 430 tuto
440 387 624 428 substitui
659 386 773 441 posse
807 384 991 424 videtur.

333 515 473 556 Poffet
508 514 690 568 denique
726 512 818 554 talis
854 511 995 564 liquor
1029 511 1077 552 ad
1114 510 1326 552 necandos
1357 510 1732 563 quoquestimices

139 579 396 622 domesticos
441 588 484 619 ct
528 579 605 618 alia
647 585 850 617 venenata
893 574 1044 616 insedta
1087 574 1305 628 vsurpari‚
1356 586 1505 614 verum
1556 586 1734 630 propter

141 644 299 685 fortem
342 642 430 682 eius
477 642 657 681 odorem
701 639 979 690 lixiuiofiim,
1032 638 1153 679 facile
1198 650 1355 691 corpus
1400 637 1633 678 humanum
1679 640 1732 680 ad

138 706 407 760 putredinem
443 703 764 756 disponentem,
810 702 982 743 suadere
1019 703 1137 742 vsum
1172 702 1262 741 eius
1298 701 1339 739 in
1378 700 1608 741 domiciliis
1645 715 1733 742 non

138 769 293 811 audeo.
382 765 569 808 Cimices
614 777 827 818 praeterea
869 766 1086 818 domestici
1125 764 1325 805 facillime
1361 763 1495 804 muria
1529 765 1676 818 pingui
1713 779 1735 805 a

138 831 347 874 halicibus
384 829 509 870 salitis
545 829 731 878 residua,
778 836 824 867 vt
860 839 927 866 me
964 827 1225 880 experientia
1270 827 1448 876 docuit,
1503 828 1735 880 profligan-

139 906 238 945 tur,
294 905 419 947 quam
463 892 648 932 maxime
694 899 923 941 metuunt,
975 900 1018 930 et
1053 890 1103 931 ab
1140 904 1187 932 ea
1223 889 1444 931 madefacti
1491 890 1732 933 brevissimo

138 967 320 1014 pereunt
355 964 564 1008 tempore.

702 1072 1034 1146 Obseruatio
1087 1070 1157 1131 II.

271 1191 348 1242 De
379 1189 766 1240 reuiuificatione
798 1205 903 1239 non
936 1188 1181 1237 nullorum
1214 1185 1507 1238 infestorum
1539 1188 1591 1238 in

596 1265 766 1330 spiritu
798 1267 899 1316 vini
932 1260 1261 1318 mortuorum.

329 1397 549 1452 Singulare
586 1398 676 1440 sane
704 1407 747 1439 et
775 1401 892 1440 omni
928 1399 1162 1440 attentione
1198 1397 1374 1451 dignum
1411 1398 1489 1450 est,
1525 1398 1730 1451 exiguum

135 1462 335 1503 infectum
371 1462 513 1515 spiritu
541 1463 628 1502 vini
663 1462 916 1503 inebriatum
938 1473 981 1502 et
1007 1463 1158 1503 deinde
1193 1462 1236 1502 in
1265 1475 1317 1502 eo
1339 1461 1623 1513 submersum,
1660 1471 1733 1502 aut

136 1540 191 1568 ex
225 1526 445 1580 proposito
482 1525 551 1566 tali
588 1527 720 1569 modo
758 1527 1096 1577 mortificatum,
1128 1526 1367 1580 ‚postquam
1410 1539 1488 1580 per
1525 1527 1731 1579 quadran-

137 1601 224 1630 tem
260 1591 426 1630 circiter
461 1591 590 1633 horae
625 1590 824 1634 omnibus
860 1591 970 1631 virae
1005 1590 1127 1644 fignis
1164 1590 1378 1644 priuatum
1421 1589 1524 1641 fuit,
1571 1591 1729 1630 iterum

138 1664 256 1694 certo
301 1655 434 1694 modo
475 1653 704 1696 resuscitari
747 1654 876 1708 poffe.
962 1653 1179 1707 Imprimis
1239 1655 1283 1695 id
1342 1667 1425 1707 ego
1475 1655 1519 1694 in
1572 1653 1727 1696 muscis

137 1718 377 1758 domesticis
413 1717 502 1758 sum
539 1728 753 1772 expertus.
820 1719 988 1760 Notum
1017 1719 1131 1759 enim
1168 1718 1248 1770 est,
1283 1718 1443 1759 muscas
1476 1718 1726 1759 domesticas

137 1781 259 1822 facile
295 1781 405 1822 allici
443 1782 576 1822 odore
613 1781 775 1836 spiritus
810 1783 923 1834 vini,
959 1779 1260 1826 et‘inebriatas
1296 1783 1437 1836 postea
1472 1783 1513 1824 in
1543 1796 1596 1824 eo
1632 1782 1726 1822 sub-

135 1846 272 1897 mergi
308 1855 432 1898 atque
469 1846 603 1896 mori,
657 1859 756 1900 quas
793 1860 944 1900 magna
987 1847 1217 1900 aliquando
1263 1847 1493 1900 quantitate
1536 1847 1578 1887 in
1613 1847 1725 1888 vitro

138 1908 334 1950 collectas
357 1919 398 1947 et
417 1910 487 1949 tali
523 1910 654 1951 modo
689 1921 877 1953 mortuas
913 1925 1011 1952 cum
1048 1911 1307 1964 negligentia
1342 1911 1449 1952 eieci
1485 1911 1526 1951 in
1555 1909 1725 1952 fiirnum

138 1973 245 2011 int-ra
282 1972 441 2012 cineres
478 1972 690 2025 lignorum
721 1976 795 2016 vix
832 1977 912 2017 iam
950 1977 1144 2029 tepidos,
1182 1988 1227 2015 ac
1263 1974 1354 2028 post
1390 1987 1567 2028 paruum
1604 1987 1727 2028 prae-

138 2035 360 2088 terlapsum
416 2045 581 2090 tempus
630 2039 922 2094 introspiciens
966 2041 1009 2080 in
1053 2041 1235 2080 eundem
1282 2038 1487 2090 furnum,
1540 2039 1582 2078 in
1638 2052 1724 2091 quo

138 2099 310 2151 aliquod
350 2108 447 2139 tunc
483 2114 722 2153 putaueram
766 2106 1142 2158 experimentum,
1195 2116 1280 2143 non
1325 2103 1407 2142 fine
1446 2104 1724 2143 admiratione

140 2162 391 2211 obseruaui,
447 2163 604 2204 muscas
649 2167 738 2208 illas
775 2182 828 2208 ex
865 2169 980 2208 dietis
1018 2166 1229 2207 cineribus
1268 2179 1490 2218 erumpere
1528 2168 1644 2206 viuas
1682 2174 1724 2204 et

136 2226 312 2267 absterio
350 2226 600 2268 adhaerente
636 2231 710 2270 alis
745 2233 920 2286 puluere
958 2229 1139 2283 perfecte
1177 2230 1290 2270 sanas
1316 2230 1500 2271 auolare.
1567 2229 1725 2270 Curio-

929 2295 1020 2334 Hh
1057 2306 1082 2342 3
1606 2291 1722 2330 sita-e
