2003 2700
697 171 846 183 --
881 152 1034 208 (227)
1067 170 1216 197 ἐξ

164 270 403 322 continent,
437 267 479 309 in
515 265 753 309 arteriosam
788 266 949 319 partem
984 267 1235 320 impellunt,
1278 266 1313 308 is
1349 267 1510 321 sanguis
1544 268 1658 310 vltro
1691 268 1741 310 fi-

164 336 249 376 mul
295 346 370 387 per
412 341 574 386 partem
613 330 857 372 arteriosam
889 339 932 369 et
965 343 1041 383 per
1076 331 1267 371 arteriam
1311 332 1602 384 pulmonalem
1642 346 1744 386 pro-

157 398 351 452 pellatur.
417 395 656 449 Angulares
693 393 864 447 quidem
901 402 952 439 et,
977 394 1186 433 ventrales
1233 394 1360 434 fibrae
1398 396 1447 436 ad
1481 406 1643 449 partem
1678 397 1745 437 in·

157 459 558 501 fundibuliformem
608 459 651 498 in
700 457 905 510 superiori
954 457 1180 497 ventriculi
1239 456 1457 510 superficie
1508 461 1743 501 ventralem

155 533 198 565 et
231 524 473 578 angularem
507 530 670 575 partem
704 520 942 572 adducunt,
984 521 1315 573 sanguinemque
1336 550 1349 572 ,
1400 523 1442 562 in
1477 522 1527 562 iis
1565 532 1744 564 conten-

156 596 271 638 tum,
323 587 366 626 in
400 583 845 630 infundibuliformem
878 583 994 624 illam
1030 593 1192 636 partem
1226 584 1467 637 impellunt.
1541 586 1740 628 Bafilares

155 650 356 702 angulum
390 649 526 702 ipsum
559 647 602 686 in
637 646 796 686 bafilari
839 646 1059 699 superficie
1098 647 1148 686 ad
1192 660 1350 686 conum
1387 648 1600 688 attrahunt
1634 660 1742 690 arte-

150 713 334 763 riosum‚
384 711 435 752 ad
470 710 560 752 eius
599 709 772 764 quidem
804 710 1010 764 parietem
1055 710 1359 762 posteriorem,
1410 710 1739 766 sanguinemque

151 775 292 829 anguli
328 774 534 816 continuo
568 773 613 813 in
647 785 806 813 conum
841 772 1086 813 arteriosum
1122 774 1380 825 exprimunt.

199 911 313 953 Αέῖἰο
336 910 537 964 fibrarum
572 907 892 963 transuersalium
925 910 965 950 in
1004 916 1163 963 partem
1198 910 1406 954 ventriculi
1441 911 1688 966 arteriosam.

338 1019 479 1060 Aliter
521 1026 667 1059 contra
718 1030 815 1059 cum
865 1017 981 1058 fibris
1029 1028 1320 1072 comparat-um
1364 1021 1420 1060 est
1464 1022 1739 1074 transuerfis‚

149 1081 435 1136 superioribus
472 1083 518 1135 a)
553 1081 938 1134 inferioribusque,
972 1081 1026 1135 h)
1079 1092 1122 1121 et
1157 1095 1254 1122 cum
1292 1084 1560 1136 portionibus
1598 1096 1738 1125 extre-

149 1144 228 1186 'mis
264 1146 501 1186 addudtoris
537 1145 708 1185 maioris
745 1146 918 1185 arteriae
951 1145 1235 1199 pulmonalis,
1272 1147 1477 1201 aliterque
1513 1161 1610 1188 cum
1646 1161 1741 1202 par-

149 1218 189 1249 te
225 1208 474 1257 ventriculi,
515 1222 639 1261 quam
673 1208 801 1249 fibrae
837 1208 934 1248 illae
970 1217 1145 1261 tegunt,
1199 1209 1409 1250 arteriosa.
1478 1210 1625 1252 Fibrae
1663 1211 1738 1251 ali-

149 1285 214 1313 am
252 1284 375 1323 quam
410 1275 618 1310 ventrales
654 1280 697 1310 et
731 1271 950 1323 angulares
987 1272 1263 1312 direftionem
1301 1273 1487 1321 habent;
1541 1287 1635 1326 pars
1672 1288 1735 1314 ar-

147 1334 297 1375 teriosa
332 1334 459 1375 alium
498 1346 624 1387 quam
667 1333 820 1374 venosa
855 1333 992 1374 situm.
1075 1334 1176 1374 Illae
1231 1347 1458 1388 curuatae.‚
1509 1336 1734 1390 parallelae

148 1397 235 1438 fere
272 1397 603 1451 progrediuntur
637 1397 815 1449 margini
852 1397 1051 1438 anteriori
1073 1398 1226 1451 axique
1254 1400 1380 1452 partis
1403 1400 1607 1451 vcnosae,
1646 1399 1738 1453 qui-

146 1460 223 1500 bus
260 1461 289 1500 ss
324 1469 654 1513 comparantur,
705 1459 1034 1512 longitndinales
1081 1461 1222 1513 potius
1261 1463 1583 1514 quodammodo
1619 1463 1736 1504 ince-

148 1524 266 1564 dunt.
333 1524 501 1564 Verum
545 1524 632 1563 axis
675 1523 804 1575 partis
848 1522 1100 1573 arteriosae,
1153 1537 1207 1564 ex
1242 1526 1387 1566 medio
1424 1526 1591 1566 orificio
1627 1535 1735 1567 arte-

145 1587 258 1627 rioso
281 1588 390 1626 reeta
424 1587 466 1626 in
504 1587 736 1640 marginem
774 1587 918 1626 duetus
956 1586 1238 1640 anteriorem,
1274 1589 1631 1642 continuatusque
1668 1603 1734 1629 re-

148 1651 208 1691 &a
245 1663 300 1690 ex
334 1649 400 1690 axi
436 1652 610 1690 arteriae
645 1650 927 1703 pulmonalis‚
979 1659 1021 1689 et
1055 1652 1289 1704 marginem
1324 1651 1434 1692 secat
1470 1653 1520 1693 ad
1556 1652 1734 1706 angulos

146 1715 310 1763 rectos,
346 1722 389 1752 et
424 1713 519 1753 axin
555 1714 682 1767 partis
718 1713 910 1754 venosae.
979 1713 1048 1753 Sic
1083 1712 1211 1754 fibrae
1246 1715 1500 1758 transuersae
1543 1715 1731 1770 superio-

144 1790 210 1816 res
246 1776 588 1829 inferioresque,
644 1786 686 1816 et
721 1790 826 1830 quae
870 1776 1023 1830 pariter
1060 1788 1253 1818 curuatae
1292 1779 1531 1819 arteriosam
1568 1790 1730 1832 partem

146 1848 318 1890 tegunt,
361 1850 574 1879 extremae
609 1840 829 1892 portiones
866 1840 1102 1880 adduc‘toris
1140 1841 1309 1882 maioris
1346 1843 1519 1882 arteriae
1555 1843 1729 1895 pulmo-

145 1901 248 1941 nalis
285 1901 381 1941 axin
418 1904 526 1942 recta
568 1901 745 1943 secando
780 1904 906 1957 partis
942 1903 1162 1944 arteriosae
1185 1933 1198 1954 ⁷
1252 1906 1516 1945 transuersim
1553 1918 1733 1958 progre-

147 1965 317 2003 diuntur
351 1963 534 2016 respec‘tu
570 1966 692 2007 huius
729 1968 855 2020 partis
891 1968 1140 2016 ventriculi,
1175 1968 1312 2021 'quam
1348 1978 1528 2021 tegunt,
1576 1970 1731 2022 pariter

147 2038 270 2080 atque
307 2027 560 2068 transuersae
595 2039 711 2070 erant
745 2029 966 2084 angulares-
983 2041 1025 2071 et
1049 2034 1255 2075 ventrales
1292 2032 1419 2072 fibrae
1457 2032 1565 2083 suae,
1604 2046 1730 2085 quam

909 2093 940 2133 F
964 2094 989 2133 f
1018 2107 1039 2131 2
1564 2105 1728 2149 tegunt,

218 2226 255 2267 a)
284 2226 367 2259 Tab.
399 2225 479 2258 VH.
508 2238 538 2271 q,
564 2238 587 2258 r.
614 2239 636 2260 s.
663 2237 683 2262 t.

217 2286 253 2335 b)
281 2289 364 2324 Tab.
390 2290 463 2322 Vll.
491 2299 533 2330 13.
562 2300 606 2330 14.
633 2301 685 2323 20.
712 2302 754 2324 21.
782 2302 827 2335 25.
