2003 2700
649 137 1176 194 ξ(2*ιι)----

114 256 187 297 tris
231 252 536 304 annectuntur,
585 251 639 293 fic
674 262 721 294 vt
755 259 945 305 apertura
979 251 1264 294 branchiarum
1299 250 1455 309 lunaris
1492 250 1704 305 quidem,

113 320 181 361 sed
215 330 299 359 non
339 318 445 358 adeo
481 317 667 371 exigua,
721 315 929 369 (inferius
965 325 1105 357 tamen
1142 329 1269 371 quam
1305 325 1351 357 vt
1392 315 1574 357 lateralis
1610 316 1705 358 fleri

112 382 233 433 solet,
267 390 311 422 et
346 382 516 434 quidem
553 380 728 434 oblique
764 379 912 431 hians)
950 380 1151 431 emineat,
1186 380 1293 420 intra
1330 393 1469 433 quam·
1492 389 1574 421 tres
1604 394 1706 434 pro-

112 447 240 486 cessus
294 445 445 486 molles
499 445 726 485 mediocris
779 442 1081 497 magnitudinis
1118 457 1140 484 a
1176 444 1394 484 clauiculis
1441 456 1495 484 ex
1530 445 1705 486 aduerso

111 509 402 550 branchiarum
448 510 489 549 in
536 522 585 550 os
622 508 909 562 porriguntur.
994 506 1232 548 Membrana
1267 506 1510 548 branchialis
1548 509 1707 550 constat

112 584 208 613 cute
250 574 533 627 glaberrima,
568 573 748 627 pingui,
784 581 918 612 totam
952 570 1202 613 inferiorem
1238 581 1402 628 partem
1437 572 1706 614 mandibulae

111 648 362 691 occupante,
398 636 523 677 radiis
559 636 633 676 vix
669 634 922 690 conspicuis.

298 772 445 814 Nucha
481 774 750 827 planiuscula.
819 773 1046 813 Branchiae
1081 772 1290 823 laterales,
1334 774 1544 826 distantes,
1580 786 1708 828 oper-

110 837 214 878 culis
250 837 523 890 vndiquaquc
560 837 704 876 reciae.
762 834 866 875 Gula
903 837 1038 889 plana.
1093 835 1263 887 Dorsum
1283 838 1570 890 apter-ygium,
1602 851 1708 880 mox

110 908 131 942 a·
167 901 303 941 nucha
337 913 484 953 parum
523 901 759 949 eleuatum,
797 899 1009 951 torosum,
1045 901 1219 942 vlterius
1255 901 1434 951 rectum,
1470 902 1707 955 planiuscu-

110 966 216 1015 lum,
250 964 391 1003 versus
429 964 604 1003 caudam
641 962 936 1015 gracilescens,
972 963 1087 1003 sulco
1123 964 1358 1017 profundo,
1394 965 1636 1017 praesertim
1661 966 1705 1006 in

110 1027 307 1068 anteriori
328 1024 451 1066 'dorsi
488 1035 620 1079 parte,
656 1026 796 1079 postea
833 1024 1124 1080 complanato,
1159 1037 1201 1067 et
1235 1028 1343 1068 vltra
1374 1028 1591 1070 dimidiam
1612 1030 1708 1071 lon-

110 1091 346 1144 gitudinem
393 1089 700 1142 euanesceute,
754 1099 984 1130 exaratum.
1068 1089 1216 1131 Latera
1257 1093 1439 1133 anterius
1477 1106 1707 1145 conuexa,

108 1155 312 1208 posterius
357 1152 636 1206 complanata.
704 1152 906 1197 Abdomen
951 1153 1232 1208 pro‘mineu's,
1289 1164 1412 1196 teres.
1480 1156 1590 1197 Anus
1632 1157 1704 1198 sub

111 1218 324 1272 operculis
368 1215 678 1258 branchialibus
716 1218 766 1257 ad
802 1217 931 1271 ipsam
967 1219 1124 1272 gulam.
1207 1217 1327 1260 Linea
1362 1218 1542 1261 lateralis
1579 1221 1705 1262 dorso

109 1281 322 1336 parallela,
357 1280 588 1332 submedia,
629 1280 744 1333 poris
781 1280 851 1321 seu
889 1283 1045 1323 tubulis
1084 1282 1194 1336 quast
1230 1285 1417 1324 cutaneis
1456 1284 1577 1336 albis,
1612 1298 1707 1326 ver-

108 1347 173 1386 sus
209 1346 385 1386 caudam
420 1343 696 1397 speciantibus
733 1344 928 1386 instituta.
999 1343 1142 1387 cauda
1178 1345 1296 1400 supra
1331 1356 1466 1398 teres,
1503 1346 1705 1389 lateribus

111 1408 407 1463 complanatis,
443 1408 550 1449 infra
586 1408 788 1460 carinata,
825 1408 1093 1450 definens‘in
1131 1410 1292 1464 apicem
1331 1409 1500 1451 acutum
1538 1422 1707 1466 aptery-

110 1474 241 1528 gium.
308 1471 509 1525 squamae
544 1472 804 1524 imbricatae,
839 1473 1114 1527 orbiculatae,
1140 1476 1335 1533 exiguae,
1356 1475 1672 1529 asperiusculae.

303 1609 450 1652 Pinnae
478 1611 698 1665 pectorales
732 1612 772 1652 in
812 1614 957 1655 medio
1001 1614 1163 1668 latere,
1211 1628 1364 1670 paruae
1387 1644 1399 1668 ,
1433 1615 1668 1671 *oblongae
1688 1645 1702 1670 ,

110 1662 298 1730 margine
333 1676 559 1730 posteriori
592 1678 865 1727 rotundatae5
901 1679 989 1719 rad.
1031 1682 1102 1718 16.

300 1814 426 1856 Pinna
462 1818 529 1857 ani
562 1829 584 1856 a
619 1818 764 1860 medio
807 1828 957 1861 ventre
998 1819 1230 1862 secundum
1270 1820 1478 1873 integram
1514 1819 1704 1873 longitu-

113 1878 253 1919 dinem
291 1881 446 1920 caudae
482 1893 756 1934 excurrens,
796 1883 845 1923 ad
883 1884 991 1924 basin
1028 1885 1189 1925 maiore
1225 1896 1279 1925 ex
1313 1894 1447 1938 parte·
1471 1884 1578 1925 iutra
1614 1897 1703 1925 car*

112 1955 185 1982 nes
223 1942 488 1994 delitescens,
524 1945 882 1998 apicemrcaudae
916 1962 1000 1989 nou
1037 1949 1274 2001 adtingens,
1316 1948 1439 1989 radiis
1475 1958 1595 1988 extra
1631 1962 1704 1989 cu·

112 2015 197 2045 tem
235 2006 495 2058 patentibus,
531 2010 674 2067 primis
711 2012 973 2064 minoribus,
1009 2012 1356 2067 subsequentibus
1393 2013 1624 2055 maioribus
1661 2022 1705 2055 et

115 2070 286 2111 caeteris
324 2070 410 2111 fem
446 2073 716 2128 aequalibus,
752 2089 930 2118 numero
972 2087 1086 2122 180.-

1564 2296 1702 2338 Color
