2003 2700
823 181 977 194 ··—
1010 164 1166 219 (254)

287 283 444 340 postca,
480 280 552 322 vbi
589 286 751 322 aortam
787 278 952 333 aperui,
982 277 1262 333 experientia,
1299 279 1453 321 osseam
1488 279 1590 334 osse,
1627 295 1674 324 ea
1710 282 1890 332 ratione,

287 359 333 388 vt
368 360 422 387 ex
457 347 581 387 variis
619 343 801 386 frustulis
844 343 999 394 osseis,
1054 344 1299 386 membrana
1334 355 1477 386 aortae
1514 346 1677 388 interna
1713 348 1823 389 inter
1858 348 1897 389 se

288 411 645 461 cohaerentibus,
680 407 863 450 orbiculi
900 406 1117 455 constent,
1158 421 1243 463 quo
1279 409 1459 464 rigidam
1498 411 1622 452 tastui
1661 411 1897 467 duramque

287 476 538 530 particulam
594 473 826 515 offerentes
877 472 1026 528 plicari
1080 483 1219 515 tamen
1273 474 1599 529 quodammodo
1642 475 1685 517 in
1730 476 1896 519 sedibus

288 541 506 582 nonnullis
544 549 757 595 poterant.

481 679 621 722 Lateri
666 678 827 720 sinistro
871 690 1013 722 nortae
1060 678 1193 720 simile
1237 678 1477 733 oblongum
1515 679 1583 721 sed
1622 679 1762 720 minus
1798 649 1899 732 pro-

288 745 488 787 tuberans
532 745 690 785 vallum
737 743 899 783 insidet.
989 746 1086 786 Hoc
1134 743 1220 784 sola
1257 754 1396 784 tamen
1435 744 1646 798 rigiditate
1682 754 1723 783 et
1759 743 1899 795 aliqua

288 810 408 851 solita
451 809 600 849 maiori
639 806 813 847 crassitie
849 806 1021 857 parietis
1059 815 1201 844 aortae
1235 806 1278 843 in
1317 807 1395 844 hac
1432 807 1528 846 sede
1564 807 1759 847 efficitur.
1801 803 1895 859 Op·

286 874 470 928 positum
513 871 600 911 hoc
644 869 794 923 insigni
837 867 979 908 lateris
1017 867 1156 908 dextri
1197 866 1541 920 protuberantiae
1579 881 1774 922 magnam
1811 869 1898 909 val-

287 938 372 978 lem
409 935 622 987 mediam,
658 933 727 974 seu
765 942 928 987 partem
965 931 1136 987 parietis
1174 931 1422 972 molliorem
1459 933 1706 989 collapsam,
1747 931 1898 973 siniste-

286 1002 390 1056 rius,
424 1010 470 1042 vt
504 999 576 1041 illa
612 997 935 1054 protuberantia
973 997 1210 1049 dexterius,
1245 996 1440 1037 includit.

479 1158 599 1199 Haec
637 1156 723 1199 sere
762 1156 886 1208 sunt,
941 1169 1045 1210 quae
1083 1170 1137 1198 ex
1175 1156 1280 1198 facie
1317 1155 1384 1197 sua
1419 1154 1622 1197 anteriori
1659 1155 1782 1196 tuber
1817 1166 1895 1196 no-

285 1222 428 1265 tabilia
464 1223 661 1264 ostendit.
730 1221 1014 1262 posteriorem
1051 1221 1231 1262 intuenti
1270 1221 1419 1262 eadem
1458 1220 1544 1262 sere
1575 1219 1777 1261 mirabilis
1801 1232 1896 1259 mo-

285 1289 334 1329 lis
373 1288 516 1338 huius,
552 1298 714 1328 aortam
753 1285 1120 1340 repraesentantis,
1155 1287 1289 1340 figura
1325 1286 1530 1335 occurrit,
1571 1298 1705 1325 curuo
1743 1283 1894 1325 crasso-

287 1365 368 1406 que
405 1362 446 1392 et
483 1351 692 1404 inaequali
731 1350 863 1392 latere
900 1350 1116 1390 dexterius
1155 1349 1510 1403 circumscriptae,
1538 1348 1757 1389 sinisterius
1780 1350 1894 1390 redio

285 1417 556 1467 terminatae,
599 1414 743 1456 versus
787 1413 1002 1468 superiora
1038 1414 1257 1467 paululum
1297 1424 1537 1455 cxcauatac.
1606 1413 1744 1454 Vallis
1784 1427 1910 1467 quo-1

285 1493 386 1535 que,
425 1480 594 1534 qualem
631 1480 672 1519 in
709 1479 911 1520 anteriori
950 1477 1168 1532 superficie
1206 1477 1284 1517 esse
1321 1477 1428 1526 dixi,
1467 1477 1650 1519 mediam
1689 1477 1795 1517 hanc
1827 1487 1894 1518 to-

285 1555 369 1586 tam
417 1544 697 1598 posteriorem
736 1543 1005 1597 superficiem
1043 1552 1257 1596 occupat,
1313 1555 1394 1595 qua
1429 1542 1565 1595 paries
1603 1541 1760 1582 scilicet
1797 1554 1892 1582 aor-

285 1619 367 1660 tac,
403 1610 575 1650 tenuior
611 1609 787 1649 caeteris
825 1607 1010 1658 sedibus,
1047 1605 1255 1659 collapsus
1293 1606 1444 1646 existit.
1514 1605 1766 1660 Eademque
1790 1620 1890 1660 pro-

283 1674 532 1723 tuberantia,
577 1686 683 1726 quae
722 1673 839 1713 lateri
877 1673 1030 1712 dextro
1068 1671 1226 1710 tuberis
1263 1672 1303 1711 in
1341 1671 1541 1712 anteriori
1581 1671 1685 1712 facie
1724 1670 1890 1723 insidet,

281 1737 323 1777 in
361 1737 582 1790 posteriori
621 1748 830 1789 quoque,
866 1736 1018 1777 iisdem
1056 1733 1136 1776 suis
1174 1730 1361 1790 superius
1400 1735 1617 1790 descriptis
1655 1735 1888 1776 tuberculis

281 1801 472 1856 insignis,
510 1811 698 1855 apparet,
736 1798 979 1854 vallemque
1018 1799 1217 1848 includit;
1257 1801 1623 1855 quemadmodum
1660 1810 1702 1840 ct
1738 1799 1889 1840 siniste-

282 1867 370 1907 rius
425 1865 564 1919 aliqua
614 1865 846 1904 eminentia
888 1864 1036 1905 eadem
1080 1865 1200 1905 vallis
1240 1866 1499 1906 terminatur.
1571 1863 1634 1906 Vt
1670 1864 1710 1903 iu
1749 1864 1888 1904 media

283 1932 351 1971 sua
403 1929 508 1971 facie
566 1929 767 1971 anteriori
813 1938 855 1969 et
899 1927 940 1969 in
987 1929 1124 1970 media
1163 1930 1380 1983 posteriori
1419 1941 1523 1982 crgo
1561 1939 1732 1969 tenuem
1770 1937 1888 1969 aot-ta

284 1995 551 2047 mollemque
588 1993 793 2046 parietem
831 1992 998 2045 habeat,
1035 1995 1104 2047 qui
1143 1992 1348 2047 collapsus
1387 1994 1426 2032 in
1465 1992 1630 2034 sedibus·
1668 1993 1716 2032 iis
1753 1993 1884 2034 valles

282 2060 424 2112 magni
475 2057 634 2098 tuberis
671 2057 836 2109 efficit,
889 2059 931 2099 in
968 2058 1113 2099 dextra
1150 2069 1191 2098 et
1228 2058 1378 2099 sinislra
1415 2068 1636 2100 curuatura
1672 2057 1884 2098 incrassata

283 2134 432 2164 contra
470 2122 809 2175 protuberantias
845 2123 977 2164 varias
1013 2133 1054 2164 et
1089 2121 1308 2164 tubercula
1342 2123 1577 2179 producat,
1630 2122 1786 2165 vallem
1839 2122 1882 2162 in

281 2196 459 2243 Vtraque
496 2186 717 2242 superficie
753 2186 1000 2230 obsidentia.

1832 2345 1882 2387 In
