2003 2700
681 170 830 193 =
865 149 1018 204 (253)
1053 184 1201 191 --.

334 266 559 309 Caeterum
603 265 758 314 tuber,
813 265 927 317 quod
977 276 1112 305 curuo
1148 264 1276 305 crasso
1311 262 1441 304 latere
1477 264 1728 316 dexterius,

141 331 356 375 finisterius
392 333 541 381 secio,
593 327 954 380 circumscriptum
993 329 1071 367 effe
1109 328 1230 378 dixi,
1284 341 1477 381 magnam
1513 328 1554 367 in
1590 329 1730 369 media

140 397 208 437 sua
245 395 349 436 facie
385 393 583 436 anteriori
619 391 774 434 vallem
805 391 945 432 habet.
1014 389 1237 444 Collapsus
1260 392 1575 433 scilicetinhac
1595 402 1729 446 parte,

139 468 264 512 atque
302 460 408 500 adeo
444 458 621 499 mollior
653 465 696 497 et
730 456 915 507 tenuior,
951 455 1085 508 paries
1121 465 1261 497 nortae
1287 457 1460 497 caeteris
1486 469 1571 497 non
1594 457 1728 497 modo

138 522 304 563 sedibus
340 523 428 573 est,
473 523 543 562 sed
580 520 755 561 mollior
790 532 961 572 quoque
983 547 995 570 ‚
1040 532 1165 571 quam
1202 519 1269 560 sua
1304 531 1457 562 natura,
1480 530 1599 562 aorta
1634 533 1728 561 cae·

139 595 337 637 teraeque
374 587 547 626 arteriae
583 585 662 624 effe
699 583 834 623 solent
857 612 870 633 .,
907 595 1007 635 quas
1042 583 1199 636 vbique
1236 584 1480 636 aequalibus
1518 584 1724 624 connexis

137 648 470 702 superficiebuS,
517 647 832 699 luminibusque
869 646 1020 699 apertis
1058 646 1324 697 constantes,
1359 648 1564 695 inuenias.
1634 647 1726 687 Ve-

134 724 282 752 narum
317 724 420 764 ergo
456 722 579 751 more
614 711 782 763 potius,
827 709 910 749 fine
949 710 1127 749 nimium
1164 709 1356 761 extensa,
1392 710 1474 749 fiue
1511 710 1588 750 alia
1626 723 1727 762 qua-

135 787 302 826 cunque
338 773 454 815 causa
490 783 745 821 extenuata,
784 783 854 812 aut
889 773 1088 811 emollita*
1117 782 1234 812 aorta
1267 773 1310 812 in
1346 774 1422 814 hac
1461 773 1554 813 sede
1590 773 1727 826 fingu-

133 838 265 877 larem
302 838 408 877 hanc
444 835 746 889 proprietatem
784 835 897 874 nacla
933 833 971 873 se
1008 834 1274 887 complicuit.
1343 836 1455 876 Nam
1491 847 1533 875 et
1561 838 1600 876 in
1624 837 1725 877 xiuo

134 901 310 941 homine
347 901 470 939 certis
507 910 750 951 temporum
786 898 1018 937 momentis
1056 898 1163 938 hauc
1199 898 1377 951 figuram
1413 900 1588 940 induere
1628 899 1725 939 soli-

134 973 219 1005 tam
256 963 370 1002 fuiffe
407 971 583 1012 aortam,
618 961 716 999 iude
754 961 972 1011 coniicias,
1008 962 1142 1014 quod,
1182 961 1251 1001 vbi
1290 963 1548 1014 extenditur,
1584 972 1721 1003 tamen

133 1026 338 1066 continuo
374 1025 416 1064 in
452 1025 622 1065 easdem
660 1023 714 1074 se,
749 1023 821 1062 fibi
857 1024 1034 1075 remissa,
1070 1024 1199 1077 plicas
1237 1026 1419 1078 colligit„
1452 1027 1721 1079 evndemque

130 1089 286 1130 vallem
322 1088 469 1142 sponte
505 1087 710 1128 continuo
746 1087 958 1140 producit.
1027 1087 1195 1128 Dextro
1231 1088 1348 1128 lateri
1387 1102 1520 1129 curuo
1554 1090 1720 1142 infignis

130 1151 447 1206 protuberantia
483 1151 693 1204 oblonga,
728 1151 959 1204 inaequalis
996 1152 1165 1203 pariter,
1206 1151 1313 1204 quasi
1352 1153 1507 1192 vallum
1546 1153 1719 1200 adficiet,

129 1229 210 1270 qua
243 1215 285 1255 in
322 1224 415 1255 toto
452 1215 535 1254 hoc
572 1215 699 1255 latere
736 1214 858 1254 tuber
894 1216 1094 1267 cingitur,
1134 1228 1325 1269 quaeque
1364 1230 1384 1256 a
1421 1216 1499 1256 basi
1536 1217 1585 1256 ad
1612 1216 1721 1256 sum-

130 1292 243 1321 mam
277 1288 439 1332 partem
476 1277 631 1318 tuberis
668 1290 802 1331 Vsque
840 1278 878 1317 se
913 1279 1120 1317 extendit.
1191 1278 1237 1317 In
1269 1288 1356 1318 tota
1387 1280 1463 1319 hac
1483 1292 1598 1332 parte
1621 1294 1721 1332 pro-

132 1343 349 1384 tuberante
404 1342 548 1382 durior
599 1341 848 1395 craffiorque
893 1351 933 1381 et
977 1342 1156 1395 rigidior
1192 1341 1326 1394 paries
1364 1352 1502 1382 aortae
1539 1343 1628 1393 est,
1679 1352 1721 1382 et

129 1407 243 1447 varia
278 1419 407 1460 porro
443 1405 484 1444 in
520 1416 567 1446 ea
602 1406 765 1445 minora
802 1404 1017 1445 tubercula
1052 1404 1341 1456 obseruantur,
1386 1419 1569 1458 quorum
1605 1406 1718 1447 aliud

131 1470 339 1521 inferius,
394 1469 504 1509 haud
548 1469 675 1521 longe
712 1482 733 1508 a
770 1467 847 1508 bafi
885 1468 1081 1520 (Tab.l.
1104 1470 1192 1522 z),
1246 1469 1526 1509 maiusculum
1549 1499 1562 1521 .,
1605 1470 1719 1512 aliud

130 1533 335 1588 superius,
372 1533 588 1586 geminum
626 1531 767 1583 (Tab.
793 1531 932 1583 Le),
978 1533 1088 1573 aliud
1125 1532 1169 1572 in'
1204 1531 1395 1585 suprema
1430 1534 1588 1574 tuberis
1624 1546 1717 1588 par-

132 1607 171 1638 te
207 1597 388 1651 positum
426 1597 481 1637 est
516 1595 656 1649 (Tam.
679 1595 710 1641 Ι,
733 1594 810 1647 f),
855 1608 942 1649 quo
979 1595 1100 1636 tuber
1142 1597 1401 1637 terminatur.

321 1724 437 1764 Haec
481 1723 638 1776 singula
672 1722 822 1763 maiori
861 1722 1011 1762 duritie
1047 1732 1090 1763 et
1126 1724 1296 1764 craffitie
1321 1753 1334 1776 ‚
1388 1737 1468 1777 qua
1502 1725 1633 1765 etiam·
1663 1738 1717 1766 ex

127 1788 210 1842 ipsa
246 1788 432 1838 oblonga
468 1787 782 1841 protuberantia
817 1787 1077 1840 prominent,
1107 1787 1492 1841 glandiformiaque
1514 1788 1601 1830 fere
1623 1802 1718 1828 cor-

130 1865 234 1905 pora
277 1851 496 1903 efficiunt,
549 1851 720 1904 insignia
762 1850 800 1891 se
837 1851 1055 1891 tubercula
1088 1851 1304 1905 praebent.
1375 1852 1539 1893 venum
1576 1852 1717 1905 supre*

133 1927 249 1954 mum
273 1943 285 1964 a
329 1915 481 1967 pariter
516 1925 638 1969 atque
674 1916 750 1956 alia
788 1916 990 1968 quaedam
1014 1945 1027 1966 ,
1072 1917 1217 1956 med-io
1252 1916 1512 1958 inhaerentia
1546 1915 1714 1968 tuberi‚

131 1979 336 2018 maiorem
375 1977 550 2018 ostendit
584 1976 922 2033 singularitatem7
959 1981 1124 2033 planam
1161 1979 1425 2034 superficiem
1449 1980 1715 2031 exhibendm,

130 2041 324 2083 rotundis
363 2041 563 2082 limitibus
600 2043 968 2098 circumscriptam.
1038 2043 1126 2085 Vbi
1164 2046 1268 2085 tac'tu
1306 2044 1551 2098 particulam
1571 2044 1716 2098 ‘inqui-

130 2106 202 2145 fiui
225 2135 238 2155 ,
276 2106 419 2144 duram
457 2102 620 2158 prorsus
657 2108 921 2162 rigidamque
956 2108 1098 2148 inueni
1121 2138 1134 2160 9
1169 2118 1215 2149 vt
1250 2108 1394 2162 plicari
1433 2118 1573 2149 tamen
1609 2121 1715 2162 quo»-

133 2170 365 2208 dammodo
401 2169 531 2221 poss‘et
565 2169 605 2208 in
644 2169 804 2211 sedibus
842 2172 1071 2212 nonnullis.
1141 2170 1307 2211 Osseam
1345 2184 1448 2224 ergo
1490 2183 1561 2213 aut
1596 2170 1716 2212 carzi-

131 2233 336 2285 lagincam
373 2233 526 2273 horum
564 2233 853 2276 orbiculorum
890 2245 1079 2275 naturam
1115 2235 1194 2275 effe
1231 2234 1472 2290 oportebat.
1552 2233 1715 2275 Docuit

926 2298 978 2336 Ii
1015 2311 1037 2346 3
1634 2309 1715 2349 po-
