2003 2700
677 173 830 193 ·“’···“·-
864 161 1018 219 (239)
1051 180 1202 202 ²·-

168 287 584 368 FOETVS
627 288 1012 361 SQVALI
1057 287 1716 361 SINGVLARIS.

141 541 267 598 Dwso
303 542 467 596 mutim,
502 539 678 582 dentibus
714 541 862 587 acuti.=·;
898 550 983 578 cum
1013 540 1137 591 pinna
1171 540 1251 579 ani.
1288 537 1465 579 Linnaei
1499 535 1601 591 ἂψ.
1630 535 1733 577 Nat.

704 681 719 686 .-
799 633 1067 690 Descriptus.

923 807 945 834 a

722 886 856 930 ΒΑΕ.
898 887 1140 929 ZUIEW.

509 1059 693 1101 Conuenc.
731 1061 866 1103 exhib.
913 1064 953 1103 d.
995 1075 1047 1112 25
1078 1060 1190 1116 Sept.
1233 1072 1317 1116 178
1330 1072 1368 1107 8.

1512 1250 1618 1307 poll.
1657 1250 1728 1292 lin.

132 1310 429 1425 Longitudo
465 1346 514 1388 ab
552 1347 670 1400 apice
707 1347 823 1388 rostri
861 1349 911 1389 ad
947 1357 1190 1389 extremum
1225 1349 1382 1391 caudae
1454 1371 1475 1379 -
1560 1357 1595 1396 5.
1670 1350 1712 1386 6.

248 1411 449 1452 Latitudo
485 1411 603 1451 rostri
639 1413 749 1451 inter
785 1413 962 1452 canthos
1000 1413 1229 1453 oculorum
1265 1414 1500 1454 anteriores
1533 1434 1583 1466 ‘⁴
1620 1433 1640 1442 -
1671 1413 1728 1459 3}-

131 1499 236 1505 —
299 1497 404 1503 -——
470 1475 615 1528 capitis
653 1475 703 1515 ad
741 1476 918 1516 canthos
955 1477 1207 1530 posteriores
1306 1500 1326 1508 -
1423 1500 1444 1508 -
1548 1499 1568 1507 -
1671 1477 1727 1524 5⁷}-

131 1564 236 1569 ———
298 1561 400 1567 ——
468 1563 571 1568 —-
653 1541 701 1579 ad
740 1540 923 1580 nucham
1055 1563 1075 1571 -
1203 1564 1224 1572 -
1362 1563 1382 1572 -
1512 1564 1532 1572 -
1666 1553 1709 1592 7·

132 1627 235 1633 -—
300 1625 403 1631 -—
437 1603 628 1656 corporis
666 1604 714 1643 ad
751 1604 898 1657 pinnas
934 1605 1166 1658 pec‘torales
1247 1626 1268 1636 -
1382 1627 1402 1635 -
1515 1626 1536 1637 ο
1669 1606 1711 1642 6·

130 1690 233 1696 ———
297 1688 402 1695 -—-
652 1668 700 1708 ad
737 1681 862 1708 anum
961 1690 981 1697 -
1111 1691 1132 1700 —
1261 1692 1280 1700 -
1408 1690 1430 1701 ·
1560 1690 1579 1700 -
1667 1680 1709 1717 3.

129 1753 232 1758 -—
299 1752 400 1757 —
464 1753 569 1758 —
652 1732 699 1771 ad
736 1733 907 1786 pinnam
945 1733 1101 1774 caudae
1205 1756 1226 1764 -
1355 1755 1377 1764 -
1515 1753 1535 1765 -
1670 1745 1709 1770 1·

132 1793 310 1834 altitudo
348 1794 466 1834 rostri
502 1795 551 1834 ad
589 1796 764 1836 canthos
802 1797 1033 1838 anteriores
1133 1820 1153 1827 -
1282 1821 1302 1829 -
1430 1820 1452 1831 -
1547 1819 1567 1829 -
1666 1809 1709 1845 3·

160 1879 263 1887 ——
331 1859 475 1910 capitis
511 1859 619 1900 inter
655 1861 868 1902 maxillam
907 1861 1168 1915 superiorem
1204 1870 1246 1901 et
1282 1860 1469 1902 frontem
1502 1883 1523 1892 -
1586 1883 1606 1891 -
1665 1877 1709 1912 4.

162 1942 265 1947 —-
313 1943 417 1948 --
465 1943 567 1952 Q
617 1948 719 1953 ——
771 1949 874 1954 —
908 1925 1155 1966 inferiorem
1192 1936 1234 1966 et
1269 1926 1452 1968 nucham
1494 1947 1514 1956 -
1578 1948 1598 1957 -
1638 1929 1708 1970 ‚6-

283 2025 287 2029 ,
333 1985 524 2038 corporis
560 1987 609 2028 ad
645 1989 790 2042 pinnas
826 1991 1061 2044 postorales
1177 2012 1197 2021 ·-
1343 2012 1363 2022 -
1511 2013 1532 2021 -
1662 2004 1705 2044 7.

130 2069 232 2075 --
266 2070 368 2076 —
401 2073 502 2078 ὴ-
552 2053 599 2091 ad
639 2067 763 2094 :mum
880 2077 897 2086 -
1088 2077 1108 2086 -
1302 2078 1322 2086 -
1511 2077 1534 2090 -
1664 2070 1709 2106 4.

130 2133 233 2137 ἢ
266 2134 368 2138 —
400 2135 502 2143 —-—
553 2118 602 2154 ad
640 2119 865 2159 exordium
902 2120 1053 2173 pinnae
1078 2119 1275 2175 'caudalis
1343 2143 1364 2151 -
1461 2142 1483 2154 -
1579 2143 1599 2151 -
1668 2133 1693 2157 2

134 2172 340 2215 Craffities
378 2177 523 2230 capitis
559 2178 633 2219 filo
670 2183 793 2223 dudio
830 2197 905 2238 per
940 2183 1158 2225 maxillam
1194 2180 1319 2224 infer.
1355 2193 1399 2224 et

578 2244 761 2286 nucham
892 2269 911 2278 -
1041 2270 1061 2278 -
1206 2267 1226 2276 -·
1391 2268 1413 2279 ·
1553 2260 1572 2286 1
1658 2258 1703 2293 9·
