2003 2700
812 156 963 180 Ξ
997 139 1151 194 (224)
1184 157 1335 181 =-—.-

272 257 459 299 rediione
498 252 755 295 ferebantur.
818 254 966 296 Minus
1003 256 1217 311 paulisper
1252 257 1294 297 in
1330 256 1523 298 inferiori
1561 256 1780 313 superficie
1816 258 1881 300 in-

270 322 394 376 signis
431 319 502 359 ille
542 318 760 359 adscensus
797 320 844 372 a)
899 318 990 360 fuit.
1067 320 1114 362 ln
1154 332 1241 363 tota
1278 321 1435 363 bafilari
1474 332 1589 376 parte
1632 324 1682 364 ab
1719 323 1878 378 angulo

271 384 496 426 xentriculi
535 383 675 423 versus
712 383 910 434 arterias,
964 394 1128 425 notram
1165 396 1206 426 et
1241 387 1562 439 pulmonalem‚
1615 388 1769 441 pariter
1804 388 1880 428 ad-

269 450 474 491 scendunt
495 446 555 499 b).
626 447 726 489 Sola
764 449 891 503 partis
928 449 1149 490 arteriosae
1185 449 1407 494 sinisterior
1444 451 1563 504 regio
1600 451 1878 503 transuersas,

268 526 311 555 et
349 517 436 554 iere
474 504 723 553 confimiles'
754 513 964 565 externis,
1001 513 1126 554 fibras
1166 513 1306 555 habet.
1343 518 1385 567 c)
1439 514 1480 556 Si
1511 528 1614 556 vero
1649 518 1701 557 ad
1737 525 1876 570 partes

267 581 413 634 potius
449 577 703 628 ventriculi,
741 591 842 631 quas
883 578 1097 632 quaelibet
1132 577 1260 619 fibrae
1298 590 1471 633 tegunt,
1514 591 1557 620 et
1594 593 1700 634 quae
1738 580 1880 620 diuer-

269 644 358 684 sum
406 642 529 695 plane
577 652 668 682 tum
713 642 823 682 inter
866 642 904 682 se
952 654 1102 683 mutuo
1140 653 1230 683 tum
1265 644 1315 684 ab
1354 644 1550 685 vniuerso
1587 646 1718 685 corde
1753 644 1878 685 fitum

269 708 463 757 habent,
515 704 715 746 venusam
760 706 816 758 d)
868 707 1224 761 arteriosamque‚
1276 707 1325 760 e)
1379 707 1597 761 respici-‚135
1650 709 1694 748 in
1749 708 1877 749 aliam

266 773 396 825 longe
434 783 578 811 earum
615 769 800 823 respestu
838 770 968 810 fibrae
1014 771 1294 811 dirediionem
1331 772 1557 811 ducuntur.
1626 771 1735 812 Axis
1782 785 1876 825 par-

267 838 320 877 ti>
352 839 557 880 venoiae,
593 846 615 872 a
653 833 797 872 medio
835 831 1004 870 orificio
1027 832 1187 871 venoso
1211 834 1351 870 versus
1388 833 1552 884 apicem
1590 835 1738 874 dufius
1776 848 1879 874 vcn-

268 899 408 941 triculi
447 899 488 936 in
527 895 717 948 septum,
753 904 823 935 aut
857 907 1007 936 crenae
1043 895 1268 950 regionem
1295 892 1375 949 f),
1412 895 1636 948 parallelus
1676 897 1786 949 quafi
1819 897 1877 938 est

265 963 445 1016 margini
483 959 706 1000 ventriculi
743 959 960 1000 anteriori.
1006 960 1065 1013 g)
1153 958 1298 1014 Quem
1342 972 1446 1012 crgo
1483 961 1532 1000 ad
1570 961 1748 1014 angulos
1787 960 1875 1002 fere

265 1029 402 1070 rc<stos
440 1037 537 1066 cum
574 1024 703 1064 fibrae
741 1024 898 1078 pariter
942 1034 1067 1077 atque
1113 1025 1209 1064 axin
1257 1024 1436 1063 venosae
1479 1025 1608 1078 partis
1647 1025 1875 1066 ventriculi

264 1092 399 1147 ipsum
438 1104 492 1131 ex
528 1098 730 1142 Vtraque,
783 1087 989 1142 superiori
1034 1087 1081 1142 h)
1134 1099 1176 1128 et
1211 1087 1432 1140 inferiori,
1468 1090 1511 1142 i)
1554 1087 1775 1141 superficie
1813 1088 1873 1129 se-

265 1167 385 1203 cent;
443 1152 699 1195 transuersae
743 1152 914 1206 prorsus
960 1166 1039 1207 pro
1087 1162 1175 1194 tota
1219 1153 1295 1194 hac
1333 1163 1450 1206 parte
1485 1152 1640 1193 venosa
1675 1153 1717 1193 in
1762 1162 1873 1194 vtra-

266 1235 348 1275 que
387 1218 605 1274 superficie
643 1218 819 1258 eaedem
856 1217 986 1258 fibrae
1032 1216 1160 1267 sunt,
1219 1230 1325 1271 quae
1363 1227 1526 1272 partem
1563 1229 1655 1257 earn
1695 1226 1872 1271 tegunt,

263 1285 514 1339 angulares,
553 1282 763 1323 ventrales
800 1292 841 1322 et
877 1283 1064 1335 regionis
1101 1281 1232 1334 apicis
1270 1281 1426 1331 fibrae,
1464 1293 1658 1334 quaeque
1690 1281 1869 1321 vniuersi

264 1349 459 1402 corporis
498 1348 640 1388 cordis
677 1345 863 1400 respectu
903 1346 1080 1399 oblique
1124 1344 1425 1384 adscendentes
1469 1355 1602 1385 erant.
1673 1342 1868 1386 Omnino

263 1427 368 1467 ergo
412 1425 596 1460 omncs,
654 1423 761 1463 quae
807 1420 967 1463 partem
1015 1408 1212 1449 venosam
1258 1410 1298 1448 in
1347 1408 1550 1461 superiori
1595 1418 1638 1448 ct
1672 1408 1866 1449 inferiori

262 1477 481 1532 superficie
503 1475 724 1516 ventriculi
764 1484 938 1527 tegunt,
973 1473 1101 1513 fibrae
1141 1473 1245 1512 hanc
1283 1482 1442 1525 partein
1483 1470 1547 1512 sua
1571 1473 1733 1513 adiione
1763 1486 1869 1515 con·

261 1545 490 1597 stringunt,
526 1540 876 1592 sanguinemque„
914 1539 954 1578 in
992 1551 1038 1578 ea
1069 1547 1347 1586 contentum,
1386 1536 1645 1590 exprimunt.
1699 1536 1867 1578 verum

263 1621 360 1650 curn
397 1616 514 1646 ortae
551 1618 572 1645 a
609 1604 698 1644 stria
736 1604 811 1644 hac
849 1602 977 1643 fibrae
1015 1598 1297 1651 transuersae,
1351 1599 1571 1653 flexaeque
1609 1601 1719 1642 circa
1757 1615 1866 1642 mar-

263 1674 406 1729 ginem
443 1670 718 1721 anteriorem,
740 1669 781 1708 in
818 1679 981 1721 partem
1014 1678 1145 1718 vsque
1183 1665 1425 1706 arteriol'zun
1462 1675 1715 1713 excusi-:inu
1757 1679 1867 1706 mar-

1720 1741 1867 1784 gruem

266 1813 1867 1832 --——————-————————-

309 1875 348 1912 a)
374 1870 458 1905 Ταῦ.
489 1871 543 1905 lx.
573 1880 626 1911 30.
655 1879 699 1910 3¹.
726 1879 776 1910 37.
805 1874 856 1910 38.
883 1879 935 1910 ⁴4-
961 1869 1019 1906 60,

309 1922 346 1970 b)
375 1921 450 1956 'rab
486 1920 572 1955 Vm.
616 1920 666 1953 vbi
701 1930 770 1965 pars
805 1916 943 1953 hasdans
978 1928 1006 1952 ct
1041 1931 1141 1953 conus
1177 1920 1335 1965 imprimis
1362 1913 1530 1952 arteriosus
1556 1913 1737 1951 antrorsum
1766 1914 1865 1973 flexus

463 1966 721 2018 repraesentatur.

307 2023 339 2062 ί)
367 2022 454 2056 Tab.
486 2019 563 2054 Vll.
592 2020 623 2053 b-
649 2031 678 2065 q.
708 2031 732 2053 s.
759 2028 780 2054 t.
809 2032 831 2053 r.

307 2073 346 2114 d)
374 2072 450 2105 Τὼ
485 2071 554 2103 vu.
581 2071 618 2103 C.
646 2071 685 2103 1).
715 2069 745 2102 F.
774 2071 801 2103 Χ
842 2069 876 2103 Υ.
927 2068 1014 2104 Tnb.
1040 2069 1101 2105 lx.
1131 2080 1174 2114 25.
1202 2080 1255 2113 29.
1285 2079 1337 2110 74.

310 2134 354 2164 ε)
383 2121 467 2154 'I'ab.
496 2121 558 2153 Vl!
602 2121 637 2153 Χ,
667 2119 702 2152 Υ.
728 2121 768 2155 Λ.
795 2120 831 2158 Β.

300 2171 358 2218 s)
384 2171 459 2205 'rab
500 2167 575 2203 Vll.
605 2169 640 2203 Υ.

308 2224 354 2270 g)
383 2220 467 2254 τεὼ.
495 2222 562 2253 vu.
592 2221 628 2254 c.
660 2221 699 2255 n.

309 2272 344 2316 ΙΙ)
375 2271 451 2304 Tab
489 2269 568 2302 VH.
598 2284 641 2304 m.
671 2284 702 2311 n,
729 2284 748 2304 v
784 2283 811 2305 x.
841 2283 866 2304 z.
893 2283 910 2305 2
949 2282 992 2306 ¹2.

310 2324 350 2368 i)
379 2319 467 2357 Tab.
497 2322 538 2355 lx
579 2332 627 2362 27.
656 2332 704 2366 39.
734 2333 784 2364 ⁴7-
814 2323 868 2360 66.
896 2331 944 2364 73.
