2003 2700
656 113 805 168 ..'....
840 138 994 195 (257)
1028 156 1179 181 ==

131 255 304 300 arteriae
339 253 637 309 egrediantur.·
687 252 987 307 Magnitudine
1015 254 1166 295 infimo
1195 253 1323 307 cedit,
1355 254 1514 296 ambitu
1542 253 1584 295 in
1605 264 1723 309 parte

132 322 191 362 sui
227 320 395 371 media,
431 319 503 359 vbi
539 318 836 372 amplissimum
871 318 951 369 est,
988 320 1176 372 quinque
1212 329 1403 361 accurate
1438 319 1618 373 pollices
1653 333 1725 362 ae-

134 384 317 438 quando.
385 382 538 436 Figura
583 383 671 424 fere
716 381 849 422 simile
885 382 941 422 est
977 381 1052 421 illi.
1138 381 1457 425 Subrotundam
1511 383 1724 438 inaequali

129 447 348 502 superficie
383 447 622 489 tuberosam
657 445 820 487 molem
854 445 1008 498 refert,
1053 446 1235 487 anterius
1285 448 1577 501 posteriusque
1614 449 1725 501 pari-

129 519 193 552 ter
237 525 284 552 ac
328 510 521 551 infimum
555 512 599 552 in
634 511 786 551 media>
807 519 923 564 parte
960 512 1241 563 compressum
1263 538 1276 562 ,
1326 513 1486 564 pariter
1521 512 1722 552 lateribus

128 575 282 617 dextro
317 584 360 616 et
393 575 550 616 sinistro
584 574 879 628 protuberans.
948 573 1109 616 Similis
1146 575 1260 614 enim
1295 576 1416 616 vallis
1453 589 1609 628 magno
1636 588 1726 617 am·

127 637 217 679 bitu
263 648 396 679 totam
439 637 625 678 mediam
666 647 829 691 partem
874 638 1032 679 tuberis
1081 639 1124 678 in
1159 638 1361 677 anteriori
1397 639 1616 692 superficie
1653 653 1728 680 oc-

128 711 269 754 cupat,
306 714 386 754 qua
421 700 580 741 scilicet
613 701 657 740 in
691 700 788 741 sede
823 701 1032 755 collapsus
1068 701 1204 755 paries
1226 702 1399 741 arteriae
1421 702 1591 742 tenuior
1614 705 1732 744 mol·

124 764 294 818 liorque
329 764 400 804 est.
468 764 692 803 Lateribus
727 765 970 816 inaequales
1007 765 1221 816 oblongae
1251 764 1613 816 protuberantiae,
1637 767 1725 807 val-

124 828 209 867 lem
244 827 403 879 vbique
439 826 775 876 circumdantes,
812 825 1015 877 insident,
1056 838 1232 880 quarum
1270 839 1375 879 quae
1412 828 1566 869 dextro
1602 829 1730 870 lateri

123 891 263 932 addita
301 889 512 942 imprimis
546 888 762 941 insigniter
796 889 1028 942 prominet.
1113 890 1232 931 Haec
1269 891 1435 931 crassior
1469 893 1644 933 inferius
1681 901 1725 934 et

124 954 234 995 basin
270 952 429 993 tuberis
467 960 682 1004 occupat,
731 953 844 992 vnde
879 952 1112 992 secundum
1151 954 1348 994 dextrum
1383 954 1491 995 latus
1527 956 1578 996 ad
1615 966 1730 998 arte·

122 1018 203 1058 rias
238 1028 405 1070 vsque,
457 1014 763 1055 innominatam
800 1023 843 1055 et
879 1016 1113 1056 carotidem
1147 1016 1361 1069 sinistram,
1398 1018 1627 1071 adscendit,
1679 1021 1720 1061 in

125 1089 310 1134 quarum*
335 1078 497 1119 radices
533 1077 660 1120 bifida
696 1078 1013 1132 protuberantia
1049 1081 1250 1121 excurrit.
1327 1081 1501 1134 Insignis
1550 1083 1721 1124 orbicu-

124 1144 188 1184 lus
224 1144 372 1196 planus
409 1143 578 1193 offeus,
623 1143 866 1183 cuiusmodi
901 1143 942 1182 in
981 1144 1265 1197 superioribus
1302 1145 1527 1199 descripsi,
1563 1147 1604 1187 in
1642 1148 1720 1188 hac

124 1206 458 1262 protuberantia,
494 1205 537 1245 in
572 1215 688 1258 parte
725 1206 814 1247 eius
854 1207 1049 1259 crassiori,
1083 1209 1134 1249 ad
1172 1208 1281 1249 bafin
1317 1209 1493 1261 tuberis,
1515 1210 1554 1251 se
1578 1211 1718 1252 offert.

124 1271 207 1311 Hic
242 1269 436 1323 singulari
470 1268 643 1321 planitie
679 1279 721 1309 et
756 1270 1133 1324 circumferentia,
1177 1285 1258 1325 qua
1294 1274 1483 1325 gaudet,
1528 1285 1719 1316 accurate

123 1334 336 1385 rotunda,
379 1342 422 1372 et
455 1332 699 1385 rigiditate,
744 1345 843 1387 prae
879 1335 1053 1375 caeteris
1075 1363 1088 1385 ,
1136 1348 1242 1389 quae
1278 1336 1420 1389 paffim
1456 1348 1719 1391 occurrunt,

123 1398 274 1438 areolis
310 1397 522 1436 eiusmodi
557 1396 691 1449 planis
729 1397 917 1438 maxime
953 1400 1127 1438 eminet.
1198 1398 1294 1454 Qua
1330 1409 1446 1454 parte
1482 1401 1624 1442 versus
1655 1416 1734 1444 ar·-

124 1463 246 1502 terias
288 1459 605 1514 protuberantia
648 1459 892 1513 adscendit,
945 1462 1216 1502 tuberculum
1260 1464 1298 1503 ei
1344 1465 1518 1505 crassum
1563 1467 1717 1507 durum

124 1525 284 1566 insidet.
352 1523 671 1564 Protuberantia
708 1523 836 1564 altera
871 1525 1029 1566 tuberis
1066 1527 1195 1566 medii
1232 1527 1444 1581 oblonga,
1483 1542 1589 1582 quae
1624 1531 1720 1570 sini-

123 1589 203 1628 stro
248 1588 317 1628 seu
354 1588 545 1627 interiori
581 1587 719 1628 addita
752 1587 881 1629 latere
919 1589 1008 1641 est,
1061 1591 1246 1631 tenuiori
1280 1593 1493 1645 principio
1529 1606 1550 1634 a
1585 1595 1717 1647 priori

125 1653 288 1705 incipit,
322 1650 495 1691 inferius
532 1664 610 1692 vna
647 1664 743 1691 cum
778 1651 849 1693 illa
884 1665 1018 1706 aeque
1055 1667 1100 1694 ac
1136 1656 1352 1709 vtrinque,
1387 1658 1541 1696 vallem
1579 1659 1717 1699 inclu-

126 1717 281 1756 dendo.
348 1715 451 1755 Inde
488 1717 528 1755 in
565 1716 759 1756 latiorem
795 1725 959 1770 partem
996 1718 1047 1758 ad
1083 1716 1190 1758 latus
1227 1720 1385 1760 tuberis
1414 1721 1589 1762 interius
1612 1723 1714 1774 abit,

122 1780 163 1820 in
203 1793 281 1833 qua
318 1779 425 1820 ossea
460 1779 600 1820 areola
634 1779 756 1833 plana
791 1781 948 1835 pariter
983 1780 1240 1824 obseruatur.

319 1904 590 1958 Quamquam
634 1907 675 1946 in
720 1909 913 1949 arteriam
958 1910 1263 1951 innominatum
1310 1921 1353 1951 et
1395 1912 1435 1952 in
1483 1915 1717 1955 carotidem

122 1967 317 2008 finist1·am
361 1981 493 2020 vsque
539 1971 852 2022 protuberantia
889 1976 1075 2015 exterior
1111 1974 1149 2015 s'e
1185 1977 1406 2023 extendam
1463 1978 1538 2018 hae
1577 1990 1715 2020 tamen

125 2033 367 2072 arteriarum
413 2042 548 2084 partes
586 2035 718 2087 plicae
756 2038 898 2089 potius
935 2040 1203 2088 eminentes,
1259 2052 1381 2091 quam
1421 2053 1518 2081 vera
1554 2045 1716 2084 tunica-

124 2108 216 2134 rum
255 2095 469 2134 tubercula
507 2096 619 2145 sunt,
673 2112 811 2153 neque
848 2103 1059 2143 craffiores
1097 2113 1166 2143 aut
1202 2103 1393 2143 duriores
1431 2107 1609 2157 parietes
1647 2121 1715 2148 ea-

124 2172 216 2198 rum
255 2159 292 2196 in
333 2159 395 2197 liis
434 2159 596 2200 sedibus
634 2163 834 2211 existunt;
885 2167 983 2219 quin
1022 2167 1140 2206 solita
1176 2167 1414 2207 clasticirare
1452 2179 1494 2207 et
1529 2171 1713 2222 aequali-

125 2232 205 2262 tate
245 2221 555 2274 superficierum
592 2228 762 2267 arteriae
797 2228 892 2268 istae
929 2232 1081 2283 pariter
1117 2239 1240 2281 atquc
1278 2233 1532 2284 propagines
1569 2245 1710 2272 carum

186 2283 306 2326 Noua
325 2287 428 2325 Ac'ta
448 2286 577 2326 Acad.
596 2286 697 2341 Imp.
717 2289 787 2331 Sc.
808 2291 850 2331 T.
874 2290 922 2330 V.
1213 2293 1252 2332 K
1287 2295 1314 2333 lc
1559 2309 1708 2335 omnes
