<?xml version="1.0" encoding="UTF-8"?>
<!DOCTYPE html PUBLIC "-//W3C//DTD XHTML 1.0 Transitional//EN"
    "http://www.w3.org/TR/xhtml1/DTD/xhtml1-transitional.dtd">
<html xmlns="http://www.w3.org/1999/xhtml" xml:lang="en" lang="en">
 <head>
  <title>
</title>
<meta http-equiv="Content-Type" content="text/html;charset=utf-8" />
  <meta name='ocr-system' content='tesseract 3.04.00' />
  <meta name='ocr-capabilities' content='ocr_page ocr_carea ocr_par ocr_line ocrx_word'/>
</head>
<body>
  <div class='ocr_page' id='page_1' title='image "./novaactaacademia05impe_0361.png"; bbox 0 0 2003 2700; ppageno 0'>
   <div class='ocr_carea' id='block_1_1' title="bbox 675 131 1200 188">
    <p class='ocr_par' dir='ltr' id='par_1_1' title="bbox 675 131 1200 188">
     <span class='ocr_line' id='line_1_1' title="bbox 675 131 1200 188; baseline 0.006 -4"><span class='ocrx_word' id='word_1_1' title='bbox 675 149 825 162; x_wconf 93' lang='lat'>-—-</span> <span class='ocrx_word' id='word_1_2' title='bbox 859 131 1200 188; x_wconf 74' lang='lat'><strong>(2⁵1)—</strong></span> 
     </span>
    </p>
   </div>
   <div class='ocr_carea' id='block_1_2' title="bbox 1048 164 1200 174">
    <p class='ocr_par' dir='ltr' id='par_1_2' title="bbox 1048 164 1200 174">
     <span class='ocr_line' id='line_1_2' title="bbox 1048 164 1200 174; baseline 0 0"><span class='ocrx_word' id='word_1_3' title='bbox 1048 164 1200 174; x_wconf 95' lang='lat' dir='ltr'> </span> 
     </span>
    </p>
   </div>
   <div class='ocr_carea' id='block_1_3' title="bbox 677 165 825 174">
    <p class='ocr_par' dir='ltr' id='par_1_3' title="bbox 677 165 825 174">
     <span class='ocr_line' id='line_1_3' title="bbox 677 165 825 174; baseline 0 0"><span class='ocrx_word' id='word_1_4' title='bbox 677 165 825 174; x_wconf 95' lang='lat' dir='ltr'> </span> 
     </span>
    </p>
   </div>
   <div class='ocr_carea' id='block_1_4' title="bbox 130 243 1742 1575">
    <p class='ocr_par' dir='ltr' id='par_1_4' title="bbox 130 243 1742 1575">
     <span class='ocr_line' id='line_1_4' title="bbox 149 243 1732 299; baseline -0.004 -5"><span class='ocrx_word' id='word_1_5' title='bbox 149 262 189 294; x_wconf 88' lang='lat' dir='ltr'>et</span> <span class='ocrx_word' id='word_1_6' title='bbox 231 252 370 293; x_wconf 89' lang='lat' dir='ltr'>sedem</span> <span class='ocrx_word' id='word_1_7' title='bbox 415 248 775 291; x_wconf 84' lang='lat' dir='ltr'>confideraueram</span> <span class='ocrx_word' id='word_1_8' title='bbox 818 247 934 288; x_wconf 85' lang='lat' dir='ltr'>iuxta</span> <span class='ocrx_word' id='word_1_9' title='bbox 976 246 1170 288; x_wconf 82' lang='lat' dir='ltr'>arteriam</span> <span class='ocrx_word' id='word_1_10' title='bbox 1212 243 1539 299; x_wconf 87' lang='lat' dir='ltr'>pulmonalem,</span> <span class='ocrx_word' id='word_1_11' title='bbox 1592 254 1732 287; x_wconf 83' lang='lat' dir='ltr'>tamen</span> 
     </span>
     <span class='ocr_line' id='line_1_5' title="bbox 148 310 1737 364; baseline -0.004 -7"><span class='ocrx_word' id='word_1_12' title='bbox 148 330 214 358; x_wconf 93' lang='lat' dir='ltr'>me</span> <span class='ocrx_word' id='word_1_13' title='bbox 251 315 427 355; x_wconf 87' lang='lat' dir='ltr'>dubium</span> <span class='ocrx_word' id='word_1_14' title='bbox 463 314 708 355; x_wconf 86' lang='lat' dir='ltr'>adhucdum</span> <span class='ocrx_word' id='word_1_15' title='bbox 745 311 909 352; x_wconf 84' lang='lat' dir='ltr'>haefiffe</span> <span class='ocrx_word' id='word_1_16' title='bbox 933 339 946 362; x_wconf 90' lang='lat'>,</span> <span class='ocrx_word' id='word_1_17' title='bbox 985 324 1086 351; x_wconf 89' lang='lat' dir='ltr'>num</span> <span class='ocrx_word' id='word_1_18' title='bbox 1121 323 1202 362; x_wconf 89' lang='lat' dir='ltr'>pro</span> <span class='ocrx_word' id='word_1_19' title='bbox 1238 320 1353 351; x_wconf 87' lang='lat' dir='ltr'>aorta</span> <span class='ocrx_word' id='word_1_20' title='bbox 1389 310 1501 350; x_wconf 92' lang='lat' dir='ltr'>hunc</span> <span class='ocrx_word' id='word_1_21' title='bbox 1539 310 1702 351; x_wconf 83' lang='lat' dir='ltr'>saccum</span> <span class='ocrx_word' id='word_1_22' title='bbox 1725 340 1737 364; x_wconf 81' lang='lat'>,</span> 
     </span>
     <span class='ocr_line' id='line_1_6' title="bbox 147 374 1738 432; baseline -0.003 -13"><span class='ocrx_word' id='word_1_23' title='bbox 147 388 218 420; x_wconf 83' lang='lat' dir='ltr'>aut</span> <span class='ocrx_word' id='word_1_24' title='bbox 253 379 486 432; x_wconf 76' lang='lat' dir='ltr'>capsulam,</span> <span class='ocrx_word' id='word_1_25' title='bbox 521 378 711 432; x_wconf 86' lang='lat' dir='ltr'>planam,</span> <span class='ocrx_word' id='word_1_26' title='bbox 746 375 999 425; x_wconf 82' lang='lat' dir='ltr'>rotundam,</span> <span class='ocrx_word' id='word_1_27' title='bbox 1039 374 1172 428; x_wconf 86' lang='lat' dir='ltr'>qualis</span> <span class='ocrx_word' id='word_1_28' title='bbox 1215 374 1472 427; x_wconf 76' lang='lat' dir='ltr'>apparebat,</span> <span class='ocrx_word' id='word_1_29' title='bbox 1523 374 1738 415; x_wconf 84' lang='lat' dir='ltr'>haberem.</span> 
     </span>
     <span class='ocr_line' id='line_1_7' title="bbox 143 437 1741 493; baseline -0.003 -10"><span class='ocrx_word' id='word_1_30' title='bbox 143 441 192 482; x_wconf 89' lang='lat' dir='ltr'>In</span> <span class='ocrx_word' id='word_1_31' title='bbox 237 442 316 483; x_wconf 84' lang='lat' dir='ltr'>hac</span> <span class='ocrx_word' id='word_1_32' title='bbox 359 442 554 483; x_wconf 86' lang='lat' dir='ltr'>inferiori</span> <span class='ocrx_word' id='word_1_33' title='bbox 598 441 656 481; x_wconf 89' lang='lat' dir='ltr'>sui</span> <span class='ocrx_word' id='word_1_34' title='bbox 701 449 854 493; x_wconf 84' lang='lat' dir='ltr'>parte,</span> <span class='ocrx_word' id='word_1_35' title='bbox 909 438 1027 478; x_wconf 88' lang='lat' dir='ltr'>cuius</span> <span class='ocrx_word' id='word_1_36' title='bbox 1073 437 1254 479; x_wconf 82' lang='lat' dir='ltr'>ambitus</span> <span class='ocrx_word' id='word_1_37' title='bbox 1294 438 1418 478; x_wconf 89' lang='lat' dir='ltr'>trium</span> <span class='ocrx_word' id='word_1_38' title='bbox 1457 438 1568 491; x_wconf 82' lang='lat' dir='ltr'>quali</span> <span class='ocrx_word' id='word_1_39' title='bbox 1611 438 1741 493; x_wconf 90' lang='lat' dir='ltr'>polli-</span> 
     </span>
     <span class='ocr_line' id='line_1_8' title="bbox 143 501 1742 560; baseline -0.003 -13"><span class='ocrx_word' id='word_1_40' title='bbox 143 518 270 558; x_wconf 83' lang='lat' dir='ltr'>cum,</span> <span class='ocrx_word' id='word_1_41' title='bbox 306 516 377 547; x_wconf 85' lang='lat' dir='ltr'>aut</span> <span class='ocrx_word' id='word_1_42' title='bbox 411 506 590 560; x_wconf 87' lang='lat' dir='ltr'>amphus</span> <span class='ocrx_word' id='word_1_43' title='bbox 626 503 873 559; x_wconf 85' lang='lat' dir='ltr'>paululum,</span> <span class='ocrx_word' id='word_1_44' title='bbox 908 501 1086 542; x_wconf 85' lang='lat' dir='ltr'>naturali</span> <span class='ocrx_word' id='word_1_45' title='bbox 1122 501 1316 542; x_wconf 58' lang='lat' dir='ltr'>structura</span> <span class='ocrx_word' id='word_1_46' title='bbox 1353 503 1430 542; x_wconf 86' lang='lat' dir='ltr'>effe</span> <span class='ocrx_word' id='word_1_47' title='bbox 1469 502 1596 554; x_wconf 91' lang='lat' dir='ltr'>solet,</span> <span class='ocrx_word' id='word_1_48' title='bbox 1650 503 1742 556; x_wconf 84' lang='lat' dir='ltr'>sep-</span> 
     </span>
     <span class='ocr_line' id='line_1_9' title="bbox 143 565 1736 622; baseline 0 -14"><span class='ocrx_word' id='word_1_49' title='bbox 143 579 228 609; x_wconf 86' lang='lat' dir='ltr'>tem</span> <span class='ocrx_word' id='word_1_50' title='bbox 266 570 444 611; x_wconf 88' lang='lat' dir='ltr'>omnino</span> <span class='ocrx_word' id='word_1_51' title='bbox 479 569 688 622; x_wconf 91' lang='lat' dir='ltr'>pollicum</span> <span class='ocrx_word' id='word_1_52' title='bbox 727 576 907 620; x_wconf 88' lang='lat' dir='ltr'>quatuor</span> <span class='ocrx_word' id='word_1_53' title='bbox 941 565 1172 617; x_wconf 84' lang='lat' dir='ltr'>linearum,</span> <span class='ocrx_word' id='word_1_54' title='bbox 1225 565 1403 617; x_wconf 87' lang='lat' dir='ltr'>proinde</span> <span class='ocrx_word' id='word_1_55' title='bbox 1441 566 1535 619; x_wconf 87' lang='lat' dir='ltr'>plus</span> <span class='ocrx_word' id='word_1_56' title='bbox 1573 567 1736 608; x_wconf 85' lang='lat' dir='ltr'>dimidii</span> 
     </span>
     <span class='ocr_line' id='line_1_10' title="bbox 139 629 1738 686; baseline -0.001 -14"><span class='ocrx_word' id='word_1_57' title='bbox 139 634 288 686; x_wconf 89' lang='lat' dir='ltr'>pedis,</span> <span class='ocrx_word' id='word_1_58' title='bbox 341 643 383 673; x_wconf 94' lang='lat' dir='ltr'>et</span> <span class='ocrx_word' id='word_1_59' title='bbox 419 633 550 685; x_wconf 91' lang='lat' dir='ltr'>duplo</span> <span class='ocrx_word' id='word_1_60' title='bbox 585 631 706 672; x_wconf 88' lang='lat' dir='ltr'>solita</span> <span class='ocrx_word' id='word_1_61' title='bbox 751 630 992 681; x_wconf 83' lang='lat' dir='ltr'>maiorem,</span> <span class='ocrx_word' id='word_1_62' title='bbox 1044 639 1161 670; x_wconf 85' lang='lat' dir='ltr'>aorta</span> <span class='ocrx_word' id='word_1_63' title='bbox 1212 629 1314 668; x_wconf 78' lang='lat' dir='ltr'>haec</span> <span class='ocrx_word' id='word_1_64' title='bbox 1352 629 1738 671; x_wconf 73' lang='lat' dir='ltr'>circumferentiam</span> 
     </span>
     <span class='ocr_line' id='line_1_11' title="bbox 140 692 1734 745; baseline -0.002 -8"><span class='ocrx_word' id='word_1_65' title='bbox 140 696 302 737; x_wconf 84' lang='lat' dir='ltr'>habuit.</span> <span class='ocrx_word' id='word_1_66' title='bbox 370 695 490 737; x_wconf 88' lang='lat' dir='ltr'>Haec</span> <span class='ocrx_word' id='word_1_67' title='bbox 525 693 686 737; x_wconf 91' lang='lat' dir='ltr'>scilicet</span> <span class='ocrx_word' id='word_1_68' title='bbox 721 694 904 740; x_wconf 86' lang='lat' dir='ltr'>maxima</span> <span class='ocrx_word' id='word_1_69' title='bbox 939 694 1028 734; x_wconf 86' lang='lat' dir='ltr'>eius</span> <span class='ocrx_word' id='word_1_70' title='bbox 1066 692 1302 745; x_wconf 81' lang='lat' dir='ltr'>amplitudo</span> <span class='ocrx_word' id='word_1_71' title='bbox 1327 693 1417 731; x_wconf 86' lang='lat' dir='ltr'>fuit.</span> <span class='ocrx_word' id='word_1_72' title='bbox 1486 694 1734 745; x_wconf 83' lang='lat' dir='ltr'>Longitudo</span> 
     </span>
     <span class='ocr_line' id='line_1_12' title="bbox 137 756 1738 811; baseline -0.001 -12"><span class='ocrx_word' id='word_1_73' title='bbox 137 771 159 799; x_wconf 88' lang='lat' dir='ltr'>a</span> <span class='ocrx_word' id='word_1_74' title='bbox 182 759 286 810; x_wconf 82' lang='lat' dir='ltr'>bafi,</span> <span class='ocrx_word' id='word_1_75' title='bbox 324 771 404 811; x_wconf 89' lang='lat' dir='ltr'>qua</span> <span class='ocrx_word' id='word_1_76' title='bbox 430 772 484 799; x_wconf 85' lang='lat' dir='ltr'>ex</span> <span class='ocrx_word' id='word_1_77' title='bbox 505 759 634 798; x_wconf 87' lang='lat' dir='ltr'>corde</span> <span class='ocrx_word' id='word_1_78' title='bbox 671 757 904 807; x_wconf 76' lang='lat' dir='ltr'>enascitur,</span> <span class='ocrx_word' id='word_1_79' title='bbox 943 758 991 796; x_wconf 88' lang='lat' dir='ltr'>ad</span> <span class='ocrx_word' id='word_1_80' title='bbox 1029 769 1120 795; x_wconf 83' lang='lat' dir='ltr'>eam</span> <span class='ocrx_word' id='word_1_81' title='bbox 1160 756 1300 795; x_wconf 90' lang='lat' dir='ltr'>sedem</span> <span class='ocrx_word' id='word_1_82' title='bbox 1336 769 1494 809; x_wconf 89' lang='lat' dir='ltr'>vsque,</span> <span class='ocrx_word' id='word_1_83' title='bbox 1534 770 1613 810; x_wconf 84' lang='lat' dir='ltr'>qua</span> <span class='ocrx_word' id='word_1_84' title='bbox 1651 759 1738 799; x_wconf 86' lang='lat' dir='ltr'>edit</span> 
     </span>
     <span class='ocr_line' id='line_1_13' title="bbox 136 818 1733 874; baseline 0 -12"><span class='ocrx_word' id='word_1_85' title='bbox 136 823 331 862; x_wconf 84' lang='lat' dir='ltr'>arteriam</span> <span class='ocrx_word' id='word_1_86' title='bbox 366 821 704 870; x_wconf 71' lang='lat' dir='ltr'>innominatum,</span> <span class='ocrx_word' id='word_1_87' title='bbox 751 831 857 872; x_wconf 83' lang='lat' dir='ltr'>quae</span> <span class='ocrx_word' id='word_1_88' title='bbox 890 818 964 858; x_wconf 83' lang='lat' dir='ltr'>vix</span> <span class='ocrx_word' id='word_1_89' title='bbox 1000 819 1135 858; x_wconf 87' lang='lat' dir='ltr'>maior</span> <span class='ocrx_word' id='word_1_90' title='bbox 1170 819 1295 858; x_wconf 81' lang='lat' dir='ltr'>etiam</span> <span class='ocrx_word' id='word_1_91' title='bbox 1334 819 1562 874; x_wconf 84' lang='lat' dir='ltr'>pollicibus</span> <span class='ocrx_word' id='word_1_92' title='bbox 1600 822 1733 863; x_wconf 83' lang='lat' dir='ltr'>tribus</span> 
     </span>
     <span class='ocr_line' id='line_1_14' title="bbox 135 875 1732 934; baseline 0.001 -10"><span class='ocrx_word' id='word_1_93' title='bbox 135 884 178 924; x_wconf 89' lang='lat' dir='ltr'>in</span> <span class='ocrx_word' id='word_1_94' title='bbox 216 875 461 926; x_wconf 88' lang='lat' dir='ltr'>hominibus</span> <span class='ocrx_word' id='word_1_95' title='bbox 499 884 588 924; x_wconf 82' lang='lat' dir='ltr'>aliis</span> <span class='ocrx_word' id='word_1_96' title='bbox 627 883 706 922; x_wconf 86' lang='lat' dir='ltr'>effe</span> <span class='ocrx_word' id='word_1_97' title='bbox 750 882 889 933; x_wconf 86' lang='lat' dir='ltr'>solet,</span> <span class='ocrx_word' id='word_1_98' title='bbox 945 881 1106 934; x_wconf 85' lang='lat' dir='ltr'>septem</span> <span class='ocrx_word' id='word_1_99' title='bbox 1151 881 1380 934; x_wconf 87' lang='lat' dir='ltr'>pollicibus</span> <span class='ocrx_word' id='word_1_100' title='bbox 1419 895 1515 922; x_wconf 90' lang='lat' dir='ltr'>cum</span> <span class='ocrx_word' id='word_1_101' title='bbox 1554 884 1732 926; x_wconf 86' lang='lat' dir='ltr'>dimidio</span> 
     </span>
     <span class='ocr_line' id='line_1_15' title="bbox 136 944 1730 1000; baseline 0 -12"><span class='ocrx_word' id='word_1_102' title='bbox 136 948 250 1000; x_wconf 81' lang='lat' dir='ltr'>fere,</span> <span class='ocrx_word' id='word_1_103' title='bbox 284 947 511 1000; x_wconf 85' lang='lat' dir='ltr'>longitudo</span> <span class='ocrx_word' id='word_1_104' title='bbox 532 959 557 986; x_wconf 85' lang='lat' dir='ltr'>a</span> <span class='ocrx_word' id='word_1_105' title='bbox 579 945 657 985; x_wconf 71' lang='lat' dir='ltr'>basi</span> <span class='ocrx_word' id='word_1_106' title='bbox 686 945 834 984; x_wconf 78' lang='lat' dir='ltr'>eadem</span> <span class='ocrx_word' id='word_1_107' title='bbox 871 945 921 984; x_wconf 81' lang='lat' dir='ltr'>ad</span> <span class='ocrx_word' id='word_1_108' title='bbox 957 944 1086 984; x_wconf 90' lang='lat' dir='ltr'>finem</span> <span class='ocrx_word' id='word_1_109' title='bbox 1123 958 1266 995; x_wconf 84' lang='lat' dir='ltr'>arcus,</span> <span class='ocrx_word' id='word_1_110' title='bbox 1306 959 1385 998; x_wconf 85' lang='lat' dir='ltr'>qua</span> <span class='ocrx_word' id='word_1_111' title='bbox 1421 946 1578 987; x_wconf 87' lang='lat' dir='ltr'>scilicet</span> <span class='ocrx_word' id='word_1_112' title='bbox 1613 959 1730 1000; x_wconf 85' lang='lat' dir='ltr'>parte</span> 
     </span>
     <span class='ocr_line' id='line_1_16' title="bbox 137 1007 1727 1065; baseline 0.001 -14"><span class='ocrx_word' id='word_1_113' title='bbox 137 1012 187 1052; x_wconf 82' lang='lat' dir='ltr'>ad</span> <span class='ocrx_word' id='word_1_114' title='bbox 233 1010 478 1050; x_wconf 88' lang='lat' dir='ltr'>columnam</span> <span class='ocrx_word' id='word_1_115' title='bbox 520 1009 814 1049; x_wconf 84' lang='lat' dir='ltr'>vertebrarum</span> <span class='ocrx_word' id='word_1_116' title='bbox 859 1008 1048 1060; x_wconf 84' lang='lat' dir='ltr'>appicata</span> <span class='ocrx_word' id='word_1_117' title='bbox 1093 1007 1346 1048; x_wconf 84' lang='lat' dir='ltr'>descendere</span> <span class='ocrx_word' id='word_1_118' title='bbox 1390 1011 1499 1050; x_wconf 65' lang='lat' dir='ltr'>recta</span> <span class='ocrx_word' id='word_1_119' title='bbox 1544 1012 1727 1065; x_wconf 82' lang='lat' dir='ltr'>incipit,</span> 
     </span>
     <span class='ocr_line' id='line_1_17' title="bbox 133 1071 1728 1125; baseline 0.002 -11"><span class='ocrx_word' id='word_1_120' title='bbox 133 1074 326 1114; x_wconf 86' lang='lat' dir='ltr'>mensura</span> <span class='ocrx_word' id='word_1_121' title='bbox 359 1074 410 1114; x_wconf 87' lang='lat' dir='ltr'>ad</span> <span class='ocrx_word' id='word_1_122' title='bbox 444 1085 587 1114; x_wconf 83' lang='lat' dir='ltr'>arcum</span> <span class='ocrx_word' id='word_1_123' title='bbox 623 1073 828 1113; x_wconf 84' lang='lat' dir='ltr'>maiorem</span> <span class='ocrx_word' id='word_1_124' title='bbox 872 1081 1012 1112; x_wconf 81' lang='lat' dir='ltr'>aortae</span> <span class='ocrx_word' id='word_1_125' title='bbox 1060 1071 1218 1123; x_wconf 84' lang='lat' dir='ltr'>sumta,</span> <span class='ocrx_word' id='word_1_126' title='bbox 1258 1085 1362 1125; x_wconf 83' lang='lat' dir='ltr'>quae</span> <span class='ocrx_word' id='word_1_127' title='bbox 1406 1072 1512 1113; x_wconf 85' lang='lat' dir='ltr'>solet</span> <span class='ocrx_word' id='word_1_128' title='bbox 1557 1076 1728 1117; x_wconf 87' lang='lat' dir='ltr'>circiter</span> 
     </span>
     <span class='ocr_line' id='line_1_18' title="bbox 132 1135 1727 1190; baseline 0.003 -15"><span class='ocrx_word' id='word_1_129' title='bbox 132 1136 204 1177; x_wconf 86' lang='lat' dir='ltr'>sex</span> <span class='ocrx_word' id='word_1_130' title='bbox 239 1147 309 1177; x_wconf 91' lang='lat' dir='ltr'>aut</span> <span class='ocrx_word' id='word_1_131' title='bbox 343 1136 502 1190; x_wconf 90' lang='lat' dir='ltr'>septem</span> <span class='ocrx_word' id='word_1_132' title='bbox 537 1135 745 1189; x_wconf 89' lang='lat' dir='ltr'>pollicum</span> <span class='ocrx_word' id='word_1_133' title='bbox 782 1137 885 1187; x_wconf 84' lang='lat' dir='ltr'>effe,</span> <span class='ocrx_word' id='word_1_134' title='bbox 938 1135 1166 1188; x_wconf 85' lang='lat' dir='ltr'>pollicibus</span> <span class='ocrx_word' id='word_1_135' title='bbox 1203 1135 1326 1188; x_wconf 86' lang='lat' dir='ltr'>plane</span> <span class='ocrx_word' id='word_1_136' title='bbox 1364 1136 1591 1178; x_wconf 87' lang='lat' dir='ltr'>duodecim</span> <span class='ocrx_word' id='word_1_137' title='bbox 1630 1153 1727 1180; x_wconf 90' lang='lat' dir='ltr'>cum</span> 
     </span>
     <span class='ocr_line' id='line_1_19' title="bbox 133 1199 1724 1256; baseline 0.001 -16"><span class='ocrx_word' id='word_1_138' title='bbox 133 1201 313 1241; x_wconf 89' lang='lat' dir='ltr'>dimidio</span> <span class='ocrx_word' id='word_1_139' title='bbox 350 1200 430 1240; x_wconf 92' lang='lat' dir='ltr'>fuit</span> <span class='ocrx_word' id='word_1_140' title='bbox 463 1200 677 1252; x_wconf 87' lang='lat' dir='ltr'>aequalis,</span> <span class='ocrx_word' id='word_1_141' title='bbox 712 1200 924 1253; x_wconf 82' lang='lat' dir='ltr'>integrum</span> <span class='ocrx_word' id='word_1_142' title='bbox 962 1199 1197 1253; x_wconf 78' lang='lat' dir='ltr'>superando</span> <span class='ocrx_word' id='word_1_143' title='bbox 1235 1200 1404 1252; x_wconf 88' lang='lat' dir='ltr'>pedem.</span> <span class='ocrx_word' id='word_1_144' title='bbox 1476 1201 1545 1242; x_wconf 87' lang='lat' dir='ltr'>Ex</span> <span class='ocrx_word' id='word_1_145' title='bbox 1573 1204 1724 1256; x_wconf 85' lang='lat' dir='ltr'>quibus</span> 
     </span>
     <span class='ocr_line' id='line_1_20' title="bbox 132 1262 1727 1318; baseline 0.002 -14"><span class='ocrx_word' id='word_1_146' title='bbox 132 1264 332 1304; x_wconf 87' lang='lat' dir='ltr'>coniicias</span> <span class='ocrx_word' id='word_1_147' title='bbox 378 1276 484 1318; x_wconf 86' lang='lat' dir='ltr'>quae</span> <span class='ocrx_word' id='word_1_148' title='bbox 528 1263 633 1303; x_wconf 87' lang='lat' dir='ltr'>haec</span> <span class='ocrx_word' id='word_1_149' title='bbox 678 1272 793 1303; x_wconf 85' lang='lat' dir='ltr'>aorta</span> <span class='ocrx_word' id='word_1_150' title='bbox 838 1263 975 1302; x_wconf 88' lang='lat' dir='ltr'>fuerit.</span> <span class='ocrx_word' id='word_1_151' title='bbox 1046 1262 1276 1303; x_wconf 82' lang='lat' dir='ltr'>Conditam</span> <span class='ocrx_word' id='word_1_152' title='bbox 1319 1263 1463 1316; x_wconf 90' lang='lat' dir='ltr'>spiritu</span> <span class='ocrx_word' id='word_1_153' title='bbox 1499 1266 1585 1306; x_wconf 90' lang='lat' dir='ltr'>vini</span> <span class='ocrx_word' id='word_1_154' title='bbox 1624 1280 1727 1307; x_wconf 93' lang='lat' dir='ltr'>con-</span> 
     </span>
     <span class='ocr_line' id='line_1_21' title="bbox 130 1326 1723 1379; baseline 0.003 -12"><span class='ocrx_word' id='word_1_155' title='bbox 130 1328 278 1379; x_wconf 86' lang='lat' dir='ltr'>seruo,</span> <span class='ocrx_word' id='word_1_156' title='bbox 314 1328 539 1368; x_wconf 86' lang='lat' dir='ltr'>traditurus</span> <span class='ocrx_word' id='word_1_157' title='bbox 567 1326 735 1367; x_wconf 88' lang='lat' dir='ltr'>musaeo</span> <span class='ocrx_word' id='word_1_158' title='bbox 755 1326 1024 1377; x_wconf 69' lang='lat' dir='ltr'>academice,</span> <span class='ocrx_word' id='word_1_159' title='bbox 1063 1336 1104 1366; x_wconf 86' lang='lat' dir='ltr'>et</span> <span class='ocrx_word' id='word_1_160' title='bbox 1126 1339 1268 1366; x_wconf 85' lang='lat' dir='ltr'>coram</span> <span class='ocrx_word' id='word_1_161' title='bbox 1307 1339 1444 1377; x_wconf 86' lang='lat' dir='ltr'>nunc,</span> <span class='ocrx_word' id='word_1_162' title='bbox 1481 1329 1583 1369; x_wconf 91' lang='lat' dir='ltr'>dum</span> <span class='ocrx_word' id='word_1_163' title='bbox 1619 1331 1723 1371; x_wconf 85' lang='lat' dir='ltr'>haec</span> 
     </span>
     <span class='ocr_line' id='line_1_22' title="bbox 131 1390 1721 1444; baseline 0.002 -13"><span class='ocrx_word' id='word_1_164' title='bbox 131 1390 298 1442; x_wconf 81' lang='lat' dir='ltr'>scribo,</span> <span class='ocrx_word' id='word_1_165' title='bbox 347 1392 519 1438; x_wconf 83' lang='lat' dir='ltr'>habeo3</span> <span class='ocrx_word' id='word_1_166' title='bbox 574 1391 758 1442; x_wconf 82' lang='lat' dir='ltr'>aliquam</span> <span class='ocrx_word' id='word_1_167' title='bbox 793 1400 931 1431; x_wconf 83' lang='lat' dir='ltr'>tamen</span> <span class='ocrx_word' id='word_1_168' title='bbox 968 1399 1130 1443; x_wconf 84' lang='lat' dir='ltr'>partem</span> <span class='ocrx_word' id='word_1_169' title='bbox 1165 1390 1247 1430; x_wconf 89' lang='lat' dir='ltr'>iam</span> <span class='ocrx_word' id='word_1_170' title='bbox 1285 1392 1586 1444; x_wconf 81' lang='lat' dir='ltr'>magnitudinis</span> <span class='ocrx_word' id='word_1_171' title='bbox 1630 1394 1721 1435; x_wconf 87' lang='lat' dir='ltr'>suae</span> 
     </span>
     <span class='ocr_line' id='line_1_23' title="bbox 130 1453 1720 1510; baseline 0.003 -16"><span class='ocrx_word' id='word_1_172' title='bbox 130 1454 273 1508; x_wconf 89' lang='lat' dir='ltr'>spiritu</span> <span class='ocrx_word' id='word_1_173' title='bbox 318 1456 527 1495; x_wconf 72' lang='lat' dir='ltr'>contrac‘ta</span> <span class='ocrx_word' id='word_1_174' title='bbox 569 1453 768 1507; x_wconf 86' lang='lat' dir='ltr'>perdidit.</span> <span class='ocrx_word' id='word_1_175' title='bbox 838 1453 978 1507; x_wconf 83' lang='lat' dir='ltr'>Quare</span> <span class='ocrx_word' id='word_1_176' title='bbox 1015 1462 1058 1493; x_wconf 91' lang='lat' dir='ltr'>et</span> <span class='ocrx_word' id='word_1_177' title='bbox 1095 1467 1194 1506; x_wconf 90' lang='lat' dir='ltr'>quas</span> <span class='ocrx_word' id='word_1_178' title='bbox 1244 1454 1454 1495; x_wconf 84' lang='lat' dir='ltr'>mensuras</span> <span class='ocrx_word' id='word_1_179' title='bbox 1500 1458 1720 1510; x_wconf 82' lang='lat' dir='ltr'>exhibeo,</span> 
     </span>
     <span class='ocr_line' id='line_1_24' title="bbox 130 1512 1722 1575; baseline 0.004 -18"><span class='ocrx_word' id='word_1_180' title='bbox 130 1528 173 1558; x_wconf 91' lang='lat' dir='ltr'>et</span> <span class='ocrx_word' id='word_1_181' title='bbox 211 1531 310 1571; x_wconf 87' lang='lat' dir='ltr'>quas</span> <span class='ocrx_word' id='word_1_182' title='bbox 347 1519 616 1559; x_wconf 75' lang='lat' dir='ltr'>dissertationi</span> <span class='ocrx_word' id='word_1_183' title='bbox 661 1517 760 1558; x_wconf 87' lang='lat' dir='ltr'>huic</span> <span class='ocrx_word' id='word_1_184' title='bbox 802 1517 973 1557; x_wconf 81' lang='lat' dir='ltr'>adiunxi</span> <span class='ocrx_word' id='word_1_185' title='bbox 1012 1517 1155 1558; x_wconf 82' lang='lat' dir='ltr'>icones</span> <span class='ocrx_word' id='word_1_186' title='bbox 1193 1531 1214 1558; x_wconf 84' lang='lat' dir='ltr'>e</span> <span class='ocrx_word' id='word_1_187' title='bbox 1252 1512 1411 1559; x_wconf 73' lang='lat' dir='ltr'>recenti</span> <span class='ocrx_word' id='word_1_188' title='bbox 1450 1530 1591 1575; x_wconf 72' lang='lat' dir='ltr'>captae</span> <span class='ocrx_word' id='word_1_189' title='bbox 1628 1522 1722 1562; x_wconf 87' lang='lat' dir='ltr'>sub-</span> 
     </span>
    </p>
   </div>
   <div class='ocr_carea' id='block_1_5' title="bbox 131 1580 377 1623">
    <p class='ocr_par' dir='ltr' id='par_1_5' title="bbox 131 1580 377 1623">
     <span class='ocr_line' id='line_1_25' title="bbox 131 1580 377 1623; baseline 0.004 -2"><span class='ocrx_word' id='word_1_190' title='bbox 131 1582 236 1622; x_wconf 65' lang='lat' dir='ltr'>iet‘to</span> <span class='ocrx_word' id='word_1_191' title='bbox 272 1580 377 1623; x_wconf 86' lang='lat' dir='ltr'>sunt.</span> 
     </span>
    </p>
   </div>
   <div class='ocr_carea' id='block_1_6' title="bbox 126 1709 1718 2213">
    <p class='ocr_par' dir='ltr' id='par_1_6' title="bbox 126 1709 1718 2213">
     <span class='ocr_line' id='line_1_26' title="bbox 320 1709 1717 1766; baseline 0.001 -14"><span class='ocrx_word' id='word_1_192' title='bbox 320 1711 369 1752; x_wconf 90' lang='lat' dir='ltr'>In</span> <span class='ocrx_word' id='word_1_193' title='bbox 405 1712 481 1753; x_wconf 85' lang='lat' dir='ltr'>tria</span> <span class='ocrx_word' id='word_1_194' title='bbox 523 1725 670 1766; x_wconf 82' lang='lat' dir='ltr'>magna</span> <span class='ocrx_word' id='word_1_195' title='bbox 715 1709 859 1754; x_wconf 83' lang='lat' dir='ltr'>tubera</span> <span class='ocrx_word' id='word_1_196' title='bbox 904 1725 1008 1766; x_wconf 78' lang='lat' dir='ltr'>ergo</span> <span class='ocrx_word' id='word_1_197' title='bbox 1053 1712 1253 1754; x_wconf 76' lang='lat' dir='ltr'>mirabilis</span> <span class='ocrx_word' id='word_1_198' title='bbox 1299 1714 1400 1754; x_wconf 88' lang='lat' dir='ltr'>haec</span> <span class='ocrx_word' id='word_1_199' title='bbox 1447 1722 1594 1765; x_wconf 85' lang='lat' dir='ltr'>aorta,</span> <span class='ocrx_word' id='word_1_200' title='bbox 1647 1714 1717 1754; x_wconf 90' lang='lat' dir='ltr'>seu</span> 
     </span>
     <span class='ocr_line' id='line_1_27' title="bbox 128 1777 1717 1830; baseline 0.001 -15"><span class='ocrx_word' id='word_1_201' title='bbox 128 1787 244 1816; x_wconf 81' lang='lat' dir='ltr'>arcus</span> <span class='ocrx_word' id='word_1_202' title='bbox 281 1777 423 1829; x_wconf 85' lang='lat' dir='ltr'>potius</span> <span class='ocrx_word' id='word_1_203' title='bbox 460 1787 628 1830; x_wconf 85' lang='lat' dir='ltr'>aortae,</span> <span class='ocrx_word' id='word_1_204' title='bbox 664 1777 816 1817; x_wconf 87' lang='lat' dir='ltr'>diuisus</span> <span class='ocrx_word' id='word_1_205' title='bbox 854 1777 922 1816; x_wconf 86' lang='lat' dir='ltr'>est.</span> <span class='ocrx_word' id='word_1_206' title='bbox 995 1777 1107 1817; x_wconf 82' lang='lat' dir='ltr'>Nam</span> <span class='ocrx_word' id='word_1_207' title='bbox 1142 1777 1254 1817; x_wconf 90' lang='lat' dir='ltr'>solus</span> <span class='ocrx_word' id='word_1_208' title='bbox 1292 1791 1436 1828; x_wconf 82' lang='lat' dir='ltr'>arcus,</span> <span class='ocrx_word' id='word_1_209' title='bbox 1484 1787 1554 1818; x_wconf 86' lang='lat' dir='ltr'>aut</span> <span class='ocrx_word' id='word_1_210' title='bbox 1592 1791 1717 1830; x_wconf 83' lang='lat' dir='ltr'>quam</span> 
     </span>
     <span class='ocr_line' id='line_1_28' title="bbox 128 1840 1716 1894; baseline 0.003 -17"><span class='ocrx_word' id='word_1_211' title='bbox 128 1849 289 1891; x_wconf 88' lang='lat' dir='ltr'>partem</span> <span class='ocrx_word' id='word_1_212' title='bbox 325 1841 380 1880; x_wconf 87' lang='lat' dir='ltr'>ita</span> <span class='ocrx_word' id='word_1_213' title='bbox 417 1840 595 1892; x_wconf 92' lang='lat' dir='ltr'>dicunt,</span> <span class='ocrx_word' id='word_1_214' title='bbox 650 1854 753 1894; x_wconf 86' lang='lat' dir='ltr'>quae</span> <span class='ocrx_word' id='word_1_215' title='bbox 790 1841 839 1881; x_wconf 83' lang='lat' dir='ltr'>ab</span> <span class='ocrx_word' id='word_1_216' title='bbox 876 1840 1043 1880; x_wconf 72' lang='lat' dir='ltr'>orificio</span> <span class='ocrx_word' id='word_1_217' title='bbox 1089 1841 1312 1881; x_wconf 80' lang='lat' dir='ltr'>ventriculi</span> <span class='ocrx_word' id='word_1_218' title='bbox 1360 1842 1499 1881; x_wconf 84' lang='lat' dir='ltr'>cordis</span> <span class='ocrx_word' id='word_1_219' title='bbox 1537 1842 1587 1881; x_wconf 86' lang='lat' dir='ltr'>ad</span> <span class='ocrx_word' id='word_1_220' title='bbox 1623 1854 1716 1882; x_wconf 85' lang='lat' dir='ltr'>eam</span> 
     </span>
     <span class='ocr_line' id='line_1_29' title="bbox 126 1901 1717 1958; baseline 0.004 -18"><span class='ocrx_word' id='word_1_221' title='bbox 126 1901 266 1941; x_wconf 89' lang='lat' dir='ltr'>sedem</span> <span class='ocrx_word' id='word_1_222' title='bbox 302 1915 435 1954; x_wconf 85' lang='lat' dir='ltr'>vsque</span> <span class='ocrx_word' id='word_1_223' title='bbox 471 1904 510 1942; x_wconf 85' lang='lat' dir='ltr'>se</span> <span class='ocrx_word' id='word_1_224' title='bbox 546 1906 768 1956; x_wconf 87' lang='lat' dir='ltr'>extendit,</span> <span class='ocrx_word' id='word_1_225' title='bbox 821 1918 900 1957; x_wconf 83' lang='lat' dir='ltr'>qua</span> <span class='ocrx_word' id='word_1_226' title='bbox 948 1904 1072 1945; x_wconf 84' lang='lat' dir='ltr'>dorso</span> <span class='ocrx_word' id='word_1_227' title='bbox 1109 1905 1312 1958; x_wconf 79' lang='lat' dir='ltr'>applicata</span> <span class='ocrx_word' id='word_1_228' title='bbox 1348 1915 1464 1946; x_wconf 83' lang='lat' dir='ltr'>aorta</span> <span class='ocrx_word' id='word_1_229' title='bbox 1500 1906 1606 1945; x_wconf 71' lang='lat' dir='ltr'>ree‘ta</span> <span class='ocrx_word' id='word_1_230' title='bbox 1645 1906 1717 1946; x_wconf 91' lang='lat' dir='ltr'>de-</span> 
     </span>
     <span class='ocr_line' id='line_1_30' title="bbox 127 1965 1718 2022; baseline 0.004 -18"><span class='ocrx_word' id='word_1_231' title='bbox 127 1965 323 2005; x_wconf 88' lang='lat' dir='ltr'>scendere</span> <span class='ocrx_word' id='word_1_232' title='bbox 360 1966 542 2019; x_wconf 87' lang='lat' dir='ltr'>incipit,</span> <span class='ocrx_word' id='word_1_233' title='bbox 591 1980 756 2022; x_wconf 86' lang='lat' dir='ltr'>praeter</span> <span class='ocrx_word' id='word_1_234' title='bbox 791 1979 981 2009; x_wconf 80' lang='lat' dir='ltr'>naturam</span> <span class='ocrx_word' id='word_1_235' title='bbox 1018 1968 1224 2009; x_wconf 81' lang='lat' dir='ltr'>formatus</span> <span class='ocrx_word' id='word_1_236' title='bbox 1261 1969 1329 2008; x_wconf 87' lang='lat' dir='ltr'>est.</span> <span class='ocrx_word' id='word_1_237' title='bbox 1399 1968 1587 2009; x_wconf 82' lang='lat' dir='ltr'>Dorsalis</span> <span class='ocrx_word' id='word_1_238' title='bbox 1624 1983 1718 2010; x_wconf 86' lang='lat' dir='ltr'>aor-</span> 
     </span>
     <span class='ocr_line' id='line_1_31' title="bbox 126 2030 1715 2086; baseline 0.004 -18"><span class='ocrx_word' id='word_1_239' title='bbox 126 2038 190 2079; x_wconf 84' lang='lat' dir='ltr'>ta,</span> <span class='ocrx_word' id='word_1_240' title='bbox 227 2038 269 2068; x_wconf 92' lang='lat' dir='ltr'>et</span> <span class='ocrx_word' id='word_1_241' title='bbox 306 2030 375 2081; x_wconf 84' lang='lat' dir='ltr'>qui</span> <span class='ocrx_word' id='word_1_242' title='bbox 412 2042 465 2069; x_wconf 87' lang='lat' dir='ltr'>ex</span> <span class='ocrx_word' id='word_1_243' title='bbox 501 2043 594 2080; x_wconf 80' lang='lat' dir='ltr'>arcu</span> <span class='ocrx_word' id='word_1_244' title='bbox 632 2033 905 2085; x_wconf 87' lang='lat' dir='ltr'>egrediuntur</span> <span class='ocrx_word' id='word_1_245' title='bbox 931 2061 942 2082; x_wconf 87' lang='lat'>,</span> <span class='ocrx_word' id='word_1_246' title='bbox 997 2033 1099 2072; x_wconf 86' lang='lat' dir='ltr'>rami</span> <span class='ocrx_word' id='word_1_247' title='bbox 1146 2034 1326 2073; x_wconf 82' lang='lat' dir='ltr'>maiores</span> <span class='ocrx_word' id='word_1_248' title='bbox 1350 2062 1362 2083; x_wconf 89' lang='lat'>,</span> <span class='ocrx_word' id='word_1_249' title='bbox 1414 2043 1590 2086; x_wconf 84' lang='lat' dir='ltr'>excepta</span> <span class='ocrx_word' id='word_1_250' title='bbox 1637 2033 1715 2074; x_wconf 72' lang='lat' dir='ltr'>basi</span> 
     </span>
     <span class='ocr_line' id='line_1_32' title="bbox 127 2086 1716 2147; baseline 0.004 -15"><span class='ocrx_word' id='word_1_251' title='bbox 127 2093 299 2132; x_wconf 84' lang='lat' dir='ltr'>arteriae</span> <span class='ocrx_word' id='word_1_252' title='bbox 336 2086 570 2133; x_wconf 82' lang='lat' dir='ltr'>subclauiae</span> <span class='ocrx_word' id='word_1_253' title='bbox 615 2095 823 2147; x_wconf 76' lang='lat' dir='ltr'>sinistrae,</span> <span class='ocrx_word' id='word_1_254' title='bbox 878 2095 1125 2136; x_wconf 85' lang='lat' dir='ltr'>conformes</span> <span class='ocrx_word' id='word_1_255' title='bbox 1163 2096 1255 2137; x_wconf 88' lang='lat' dir='ltr'>sunt</span> <span class='ocrx_word' id='word_1_256' title='bbox 1297 2106 1480 2136; x_wconf 85' lang='lat' dir='ltr'>naturae.</span> <span class='ocrx_word' id='word_1_257' title='bbox 1551 2096 1613 2137; x_wconf 85' lang='lat' dir='ltr'>Ea</span> <span class='ocrx_word' id='word_1_258' title='bbox 1650 2107 1716 2138; x_wconf 84' lang='lat' dir='ltr'>tu-</span> 
     </span>
     <span class='ocr_line' id='line_1_33' title="bbox 129 2156 1713 2213; baseline 0.005 -20"><span class='ocrx_word' id='word_1_259' title='bbox 129 2156 221 2194; x_wconf 85' lang='lat' dir='ltr'>bera</span> <span class='ocrx_word' id='word_1_260' title='bbox 260 2156 446 2207; x_wconf 84' lang='lat' dir='ltr'>partibus</span> <span class='ocrx_word' id='word_1_261' title='bbox 485 2158 812 2211; x_wconf 86' lang='lat' dir='ltr'>angustioribus,</span> <span class='ocrx_word' id='word_1_262' title='bbox 850 2159 959 2213; x_wconf 77' lang='lat' dir='ltr'>quasi</span> <span class='ocrx_word' id='word_1_263' title='bbox 996 2161 1210 2201; x_wconf 68' lang='lat' dir='ltr'>constricta</span> <span class='ocrx_word' id='word_1_264' title='bbox 1246 2160 1286 2199; x_wconf 92' lang='lat' dir='ltr'>in</span> <span class='ocrx_word' id='word_1_265' title='bbox 1324 2160 1386 2199; x_wconf 85' lang='lat' dir='ltr'>his</span> <span class='ocrx_word' id='word_1_266' title='bbox 1418 2160 1583 2200; x_wconf 85' lang='lat' dir='ltr'>sedibus</span> <span class='ocrx_word' id='word_1_267' title='bbox 1619 2174 1713 2201; x_wconf 82' lang='lat' dir='ltr'>aor-</span> 
     </span>
    </p>
   </div>
   <div class='ocr_carea' id='block_1_7' title="bbox 126 2218 1710 2326">
    <p class='ocr_par' dir='ltr' id='par_1_7' title="bbox 126 2218 1710 2326">
     <span class='ocr_line' id='line_1_34' title="bbox 126 2218 1710 2276; baseline 0.002 -19"><span class='ocrx_word' id='word_1_268' title='bbox 126 2228 163 2259; x_wconf 66' lang='grc' dir='ltr'>(τι</span> <span class='ocrx_word' id='word_1_269' title='bbox 199 2218 321 2270; x_wconf 72' lang='lat' dir='ltr'>esset,</span> <span class='ocrx_word' id='word_1_270' title='bbox 375 2219 693 2272; x_wconf 86' lang='lat' dir='ltr'>distinguuntur.</span> <span class='ocrx_word' id='word_1_271' title='bbox 762 2223 986 2272; x_wconf 80' lang='lat' dir='ltr'>Primum,</span> <span class='ocrx_word' id='word_1_272' title='bbox 1039 2225 1238 2276; x_wconf 85' lang='lat' dir='ltr'>idemque</span> <span class='ocrx_word' id='word_1_273' title='bbox 1275 2223 1403 2276; x_wconf 86' lang='lat' dir='ltr'>longe</span> <span class='ocrx_word' id='word_1_274' title='bbox 1441 2225 1673 2264; x_wconf 85' lang='lat' dir='ltr'>maximum</span> <span class='ocrx_word' id='word_1_275' title='bbox 1696 2251 1710 2273; x_wconf 90' lang='lat'>,</span> 
     </span>
     <span class='ocr_line' id='line_1_35' title="bbox 929 2286 1709 2326; baseline 0.003 -2"><span class='ocrx_word' id='word_1_276' title='bbox 929 2286 981 2324; x_wconf 88' lang='lat' dir='ltr'>Ii</span> <span class='ocrx_word' id='word_1_277' title='bbox 1023 2299 1044 2322; x_wconf 84' lang='lat'>2</span> <span class='ocrx_word' id='word_1_278' title='bbox 1559 2299 1709 2326; x_wconf 83' lang='lat' dir='ltr'>eorum</span> 
     </span>
    </p>
   </div>
  </div>
 </body>
</html>
