2003 2700
629 209 1161 261 Hrsrorar„
1630 211 1693 273 3⁵?

101 331 280 387 terlapso
322 332 495 373 demum
531 331 658 372 trium
695 330 861 371 circiter
896 329 1216 370 hebdomadum
1254 328 1384 385 spatio
1419 323 1476 374 ita
1510 329 1688 385 plenus,

100 407 147 439 vt
189 405 420 437 crematum
472 395 699 450 perfectam
745 394 976 435 claritatem
1025 392 1151 433 fuerit
1193 394 1408 447 adeptum.
1492 393 1692 437 Succeffit

99 461 203 502 mihi
240 461 580 514 experimentum
617 460 718 510 hoc,
755 459 857 499 dum
893 457 971 497 vni>
999 457 1129 498 librae
1166 455 1324 497 turbidi
1359 458 1569 500 eiusmodi
1599 470 1691 500 cre-

101 526 201 565 mati
243 537 374 565 vnum
422 533 583 564 tantum
619 523 707 563 salis
747 521 1126 573 Tartari‘granum
1163 519 1466 561 admiscuissem
1489 550 1502 573 ,
1553 535 1575 563 a
1609 535 1692 576 qua

99 589 259 629 tantilla
294 587 412 628 alcali
450 586 678 639 quantitate
714 597 767 625 eo
805 585 942 624 minus
978 597 1115 625 noxae
1144 583 1421 631 metuendum
1443 585 1516 636 est,
1550 586 1693 639 fiper-

99 653 350 706 pendamus,
388 649 621 690 combinari
659 661 749 688 eam
788 661 885 688 cum
920 648 1135 701 particulis
1166 648 1295 689 acidis
1317 648 1356 687 in
1379 656 1566 689 cremato
1588 662 1693 689 con-

97 715 223 756 tentis
261 723 304 755 et
337 713 377 752 in
416 713 467 753 sal
506 722 701 753 neutrum
737 711 866 753 abire.
951 712 1086 752 Aucta
1121 712 1241 753 alcali
1279 711 1534 765 quantitate,
1570 724 1692 752 acce·-

95 778 251 819 leratur
288 790 459 831 quoque
497 776 669 817 cremati
705 776 946 816 deturbatio
970 805 984 828 ,
1034 777 1124 816 imo
1159 775 1373 816 subitanea
1408 775 1490 827 fit,
1533 783 1690 816 tantam

95 841 186 883 salis
222 842 390 881 Tartari
429 842 702 894 quantitatem
739 840 767 880 sl
802 831 1006 891 adiicias,
1058 849 1105 879 vt
1139 839 1446 881 crematumei
1483 838 1691 880 soluendo

94 906 230 957 impar
265 905 327 955 fit,
365 916 451 955 quo
488 902 578 943 casu
616 903 748 942 statim
786 915 831 942 ac
853 903 907 942 sal
927 903 1112 953 Tartari,
1142 904 1305 955 peracta
1323 903 1571 956 agitatione,
1593 916 1694 944 cum

95 978 212 1022 parte
258 967 410 1019 aquosa
459 979 513 1005 ex
549 977 737 1005 cremato
773 967 939 1005 attrac'ia
976 966 1157 1017 liquoris
1194 966 1333 1006 forma
1368 966 1548 1006 fundum
1583 966 1694 1021 peti-

95 1031 235 1081 verit,
287 1041 435 1069 omnes
481 1027 761 1068 subtilissimae
806 1027 1041 1068 carbonum
1083 1028 1312 1081 particulae
1349 1028 1421 1069 sub
1458 1030 1596 1071 forma
1631 1039 1694 1071 te-

95 1093 307 1134 nuiffimae
343 1092 568 1145 pelliculae
604 1090 848 1145 nigricantis
885 1091 1112 1145 pingueae,
1147 1091 1238 1132 salis
1264 1090 1432 1133 Tartari
1464 1091 1591 1133 soluti
1608 1083 1692 1134 ‘su-

95 1156 314 1210 perficiem
352 1156 616 1209 occupantis,
651 1154 929 1208 apparebunt,
965 1164 1202 1196 crematum
1235 1166 1339 1196 vero
1376 1155 1475 1197 huic
1512 1156 1692 1210 pellicu-

95 1221 158 1260 lae
195 1219 459 1272 supernatans
496 1219 786 1272 perfectillime
825 1218 999 1271 quidem
1034 1218 1195 1260 clarum
1216 1217 1518 1273 conspicietur,
1536 1230 1578 1261 at
1595 1234 1690 1274 par-

95 1283 233 1323 ticulis
288 1281 474 1323 alcalinis
526 1281 648 1322 valde
694 1283 1029 1322 contaminatum
1072 1283 1429 1336 deprehendetur.
1515 1283 1558 1325 Si
1596 1285 1691 1337 quis

94 1359 199 1399 ergo
235 1344 540 1386 obser-nationis
577 1346 701 1386 huius
739 1346 957 1387 chemicae
992 1346 1035 1386 in
1070 1346 1155 1400 ipsa
1173 1347 1294 1400 praxi
1314 1347 1406 1387 vsus
1428 1346 1506 1387 effe
1526 1348 1687 1401 potest;

93 1423 171 1463 pro
218 1410 444 1450 minuenda
489 1410 662 1450 cremati
697 1410 849 1451 iactura
870 1439 883 1462 ,
936 1422 1044 1464 quae
1078 1423 1132 1451 eo
1168 1411 1304 1452 maior
1338 1411 1565 1452 necessario
1601 1412 1689 1464 est,

97 1487 182 1527 quo
228 1473 363 1513 maior
402 1472 626 1513 adhibetur
660 1474 845 1526 pulueris
884 1473 1118 1515 carbonum
1157 1475 1392 1527 quantitaS,
1447 1477 1687 1517 cauendum

94 1537 165 1588 est,
202 1549 252 1576 ne
288 1536 378 1576 salis
417 1536 583 1577 Tartari
619 1537 766 1577 adiecti
807 1537 1035 1591 quantitate
1071 1549 1288 1591 peccetur,
1323 1539 1528 1592 siquidem
1557 1541 1687 1580 nimia

93 1601 212 1642 alcali
257 1601 462 1653 quantitas
499 1609 686 1641 cremato
721 1602 932 1655 ingratum
968 1601 1195 1643 alcalinum
1230 1603 1425 1657 saporem
1460 1616 1546 1645 non
1582 1617 1686 1645 con·

93 1665 233 1705 ciliarc
270 1677 355 1703 non
391 1664 539 1717 potest.

284 1727 456 1767 Etiamsi
500 1728 687 1768 exhibita
730 1728 808 1769 hac
852 1728 892 1768 in
932 1727 1213 1784 descriptione
1251 1731 1424 1772 cremati
1460 1732 1684 1786 depuratio

92 1804 113 1832 a
149 1791 316 1831 nemine
353 1804 438 1831 non
477 1791 678 1832 facillime
712 1793 865 1833 institui
900 1793 1057 1847 potest;
1103 1795 1242 1837 multo
1277 1804 1417 1836 tamen
1454 1796 1683 1850 optabilius

93 1855 206 1906 esset,
241 1865 472 1895 crematum
509 1868 563 1895 ex
597 1856 732 1910 prima
768 1869 893 1898 manu
928 1857 1011 1898 iam
1049 1857 1303 1913 depuratum
1338 1860 1522 1901 obtineri
1551 1862 1684 1914 posse,

95 1918 136 1958 id
175 1919 289 1971 quod
327 1917 448 1959 facile
484 1918 574 1959 fieri
609 1920 768 1973 poffet,
804 1920 832 1960 fi
868 1921 1173 1975 institueretur,
1207 1933 1253 1964 vt
1287 1923 1328 1964 in
1365 1924 1414 1964 iis
1451 1924 1576 1975 locis,
1610 1924 1684 1964 vbi

97 1982 266 2022 cremati
302 1982 438 2035 largae
476 1984 725 2036 quantitates
761 1994 1075 2039 praeparantur,
1111 1987 1291 2028 secunda
1325 1987 1436 2028 illius
1462 1987 1684 2029 destillatio

96 2043 214 2096 super
250 2046 546 2087 duodecimam
581 2058 744 2101 partem
780 2048 1011 2090 carbonum
1049 2051 1184 2104 probe
1220 2051 1463 2092 exustorum
1497 2052 1685 2106 pulueri-

94 2107 363 2162 satorumque
400 2111 702 2164 adornaretur,
740 2126 820 2166 qua
854 2113 1118 2167 encheirefi,
1162 2116 1354 2169 inprimis
1391 2116 1419 2155 fi
1456 2125 1684 2167 caueatur,

98 2183 147 2210 nc
170 2171 209 2209 id
235 2171 304 2211 sub
340 2172 421 2213 fine
458 2175 744 2217 destillationis
783 2177 1017 2218 transeunte
1037 2178 1282 2233 phlegmate
1305 2179 1515 2231 diluatur,
1535 2180 1689 2233 procul

97 2234 227 2273 dnbio
273 2247 504 2278 crematum
548 2239 843 2294 obtineretur,
899 2242 1016 2296 quod
1053 2252 1241 2285 cremato
1290 2243 1447 2297 gallico
1484 2243 1683 2285 suauitate

95 2310 241 2351 parum
279 2298 463 2339 cederet.

156 2359 326 2413 Histoire
360 2363 406 2403 de
447 2372 579 2415 1787.
1031 2369 1060 2408 h
1553 2366 1680 2411 Cete-
