2003 2700
1000 150 1157 207 (24⁶)

273 273 390 316 fitate
427 269 557 324 igitur
593 276 738 309 motus
785 280 840 310 ex
882 268 1108 324 proposito
1142 268 1303 310 vitrum
1347 280 1423 310 ore
1466 275 1648 323 aperto,
1701 267 1886 324 patulo-‚¹

275 347 460 390 magno,
510 346 609 374 cum
645 334 786 386 aliqua
820 331 989 388 spiritus
1024 334 1113 375 vini
1151 334 1384 388 quantitate
1419 333 1625 388 exposui,
1677 344 1720 374 et
1755 333 1892 374 colle-

278 404 361 444 etas
399 409 589 440 mortuas
625 397 821 450 muscaS,
875 399 1176 453 circumspecte
1212 408 1433 453 exemptas
1470 398 1647 454 sepeliui
1682 399 1790 439 intra
1827 397 1891 437 di-

278 469 368 508 fios
392 465 557 505 cineres
595 463 842 518 lignorum,
876 474 920 504 et
956 463 1101 514 breui,
1138 463 1360 518 postquam
1381 476 1511 504 omne
1548 463 1775 504 humidum
1810 460 1893 516 spi-

278 529 489 573 rituosnm
526 527 712 584 perfecie
740 528 790 568 ab
826 528 876 569 iis
912 541 987 583 per
1023 530 1185 569 cineres
1223 529 1304 569 fuit
1339 527 1624 581 abibrbtum,·
1647 539 1797 568 reuera
1830 526 1895 566 vi-

280 597 348 647 di,
386 607 538 635 omnes
575 593 667 634 illas
706 593 853 647 sponte
890 591 1148 635 resuscitatas
1184 603 1228 634 et
1263 592 1564 634 reuiuificatas.
1649 590 1752 633 Tali
1798 598 1895 631 mo·'

281 662 339 702 do
360 661 410 701 de
431 659 612 700 succeffu
649 661 730 698 rari
766 658 892 698 huius
928 658 1212 712 experimenti
1251 658 1291 698 in
1330 657 1483 698 muscis
1521 656 1764 697 domesticis
1800 666 1898 708 per·

280 725 447 775 suasus,
483 735 583 764 cum
620 722 711 762 aliis
739 722 892 762 deinde
929 736 1015 764 non
1052 722 1182 764 nullis
1221 721 1450 776 generibus
1488 721 1741 761 insectorum
1779 720 1896 759 idem

281 789 523 846 periculum
561 786 864 827 instituendum
899 787 980 825 ess‘e
1017 787 1136 824 duxi.
1207 785 1342 836 Caepi
1387 785 1579 835 aliquot,
1633 797 1741 836 quos
1778 781 1895 824 casus

281 854 476 903 obtulit,
531 861 688 904 paruos
727 847 938 901 quosdam
982 842 1260 897 scarabaeos,
1314 845 1441 885 inieci
1478 845 1521 885 in
1556 845 1716 886 vitrum
1751 845 1898 899 spiritu

282 919 371 959 vini
408 914 621 969 repletum
659 921 702 952 et
736 911 879 966 postea
915 920 1114 952 mortuos
1151 909 1276 951 obrui
1313 910 1433 950 dietis
1476 909 1719 961 cineribus,
1771 919 1899 962 atque

282 994 383 1023 cum
421 978 701 1021 ihtisfiictione
738 976 852 1027 vidi,
890 976 1081 1017 fimiliter
1116 975 1165 1016 iis
1201 973 1415 1029 pristinam
1453 974 1539 1016 hoc
1576 975 1712 1015 modo
1741 972 1899 1014 restitui

282 1048 432 1088 vitam.
520 1042 635 1085 Cum
671 1055 752 1082 vna
788 1054 916 1095 parua
958 1054 1106 1083 aranea
1130 1069 1142 1092 ‚
1193 1049 1321 1094 atque
1358 1039 1438 1081 alia
1473 1038 1618 1080 iuueni
1657 1039 1784 1080 blatta
1823 1038 1903 1078 do-

284 1111 486 1160 mestica,
539 1108 646 1148 intra
692 1106 871 1160 spatium
917 1107 1046 1147 trium
1092 1106 1332 1156 horarum,
1388 1105 1579 1158 quinque
1616 1104 1730 1144 vices
1768 1103 1901 1142 fimile

285 1177 532 1228 eodemque
577 1171 713 1213 modo
761 1171 917 1211 institui
954 1171 1338 1225 experimentum,
1392 1178 1436 1209 et
1479 1168 1646 1223 semper
1693 1167 1811 1208 bono
1855 1179 1900 1207 ac

290 1250 443 1295 optato
481 1250 579 1278 cum
617 1236 827 1287 successu,
863 1247 1031 1290 praeter
1068 1236 1184 1289 quod
1229 1246 1376 1275 aranea
1412 1233 1504 1287 post
1538 1233 1739 1273 vltimum
1776 1244 1905 1284 expe·

289 1306 522 1347 timentum
558 1303 668 1343 adeo
705 1300 904 1353 languida
941 1302 1044 1341 fasta
1081 1299 1193 1350 fuit,
1248 1308 1294 1339 vt
1328 1299 1402 1338 vix
1438 1297 1520 1338 iam
1557 1310 1707 1351 repere
1744 1295 1902 1350 potuit.

291 1370 340 1410 In
378 1367 603 1408 cimicibus
652 1364 894 1405 domesticis
941 1377 1073 1419 aeque
1112 1365 1195 1404 boc
1232 1374 1381 1403 verum
1420 1362 1499 1402 effe
1537 1361 1757 1416 comperi,
1802 1360 1907 1400 licet

289 1434 333 1476 hi
371 1432 501 1486 longe
539 1431 630 1471 aliis
667 1430 826 1470 diutius
862 1429 904 1469 in
942 1429 1156 1469 cineribus
1202 1426 1431 1467 affcruandi
1479 1426 1605 1478 sunt,
1657 1427 1796 1466 donec
1840 1437 1905 1465 re-

288 1497 550 1540 suscitentur.
621 1493 688 1535 De
725 1493 1014 1548 papilionibus
1049 1492 1156 1533 nibil
1194 1491 1297 1532 certi
1335 1491 1541 1531 affirmare
1578 1490 1768 1544 poss‘nm,
1808 1489 1906 1542 quia

292 1576 402 1618 quos
424 1562 474 1602 ad
503 1560 850 1614 experimentum
889 1557 1056 1612 recepi,
1095 1569 1180 1597 non
1218 1555 1402 1609 perfecte
1440 1555 1520 1596 sani
1560 1555 1745 1596 fuerunt.
1799 1554 1905 1594 Mil-

293 1628 469 1683 lepedes
507 1635 682 1666 econtra
717 1624 916 1678 vulgares
952 1622 1081 1663 semel
1119 1621 1159 1661 in
1198 1620 1340 1674 spiritu
1379 1620 1465 1660 vini
1504 1631 1728 1672 mortuos,
1772 1618 1905 1659 resus-

293 1694 424 1734 citare
472 1691 586 1731 dicio
632 1689 767 1730 modo
813 1701 899 1728 non
946 1686 1083 1740 potui.
1168 1684 1387 1726 Vlteriora
1433 1698 1531 1725 cum
1579 1685 1667 1725 aliis
1713 1683 1907 1738 pluribus

296 1757 460 1799 insectis
506 1755 591 1795 hoc
637 1753 768 1807 scopo
814 1751 1108 1805 experimenta
1154 1749 1403 1790 instituenda
1448 1751 1647 1804 relinquo
1693 1746 1906 1800 Zoologis

298 1833 425 1876 atque
462 1820 665 1870 medicis,
703 1817 773 1870 qui
812 1817 889 1858 hac
927 1803 1224 1855 obseruatione
1260 1815 1427 1865 edocti,
1479 1828 1564 1855 non
1610 1814 1691 1854 fine
1727 1812 1909 1852 vtilitate

296 1889 409 1928 forte
447 1885 583 1926 dictos
606 1884 770 1923 cineres
808 1882 1023 1935 lignorum
1064 1881 1258 1934 tepidos,
1295 1878 1498 1920 membris
1538 1878 1793 1932 paraliticis,
1829 1888 1911 1930 po·

298 1951 481 2005 dagricis
527 1959 655 2005 atque
701 1947 743 1989 in
790 1946 952 1990 morbis
997 1945 1292 1987 Rbeumaticis
1338 1943 1439 1985 loco
1476 1943 1657 1986 fomenti
1704 1949 1911 1998 poterunt

298 2016 516 2058 adhibere.

1806 2325 1916 2368 DE-
