2003 2700
222 238 282 283 48
757 221 1300 271 HISTOIRE.

211 357 318 399 grum
354 342 531 384 illorum
566 351 799 394 granorum
835 339 989 384 iactura
1026 338 1171 381 salium
1209 340 1490 395 mediorum,
1539 353 1564 384 e
1599 341 1835 385 carbonum

220 409 404 466 puluere
441 405 757 447 elutriatiorum
794 404 1064 459 generationi
1101 405 1327 448 tribuenda
1361 406 1434 448 est.

416 500 648 544 Caeterum
704 510 884 556 quantus
936 500 977 541 in
1031 501 1323 555 praeparando
1375 511 1498 545 aceto
1554 502 1835 546 concentrato

223 567 459 612 carbonum
495 563 590 607 v'sus
627 565 710 619 sit,
746 578 801 606 ex
839 565 902 606 his
944 577 1117 619 quoquc
1155 565 1464 619 experimentis
1500 575 1631 619 patet.

721 656 1202 738 Experimentum
1254 655 1351 716 111.

410 760 446 814 ξ.
489 771 529 810 ς.
596 759 726 801 Acidi
766 761 856 802 salis
893 761 1038 802 vncias
1078 770 1262 815 quatuor
1298 759 1422 813 super
1457 758 1648 812 pulueris
1686 759 1837 801 carbo-

216 839 321 869 num
357 827 501 866 vncias
541 824 642 865 duas
694 836 843 878 quater
880 826 1072 868 abstraxi.
1144 823 1370 878 Cuius-que
1407 823 1672 865 distilati‘onis
1710 826 1835 866 initio

217 893 394 933 materia
431 890 647 942 infiguiter
682 889 1006 929 intumescebat.
1054 889 1306 929 voluminis
1335 888 1462 929 huius
1498 889 1632 940 acidi,
1668 889 1837 930 absolu·

218 958 269 997 tis
310 956 374 996 his
412 952 755 994 distillationibus
780 982 794 1003 ‚
830 952 1028 993 iaCturam
1066 951 1260 1000 nullam3
1305 950 1524 1004 grauitatis
1560 963 1665 993 vero
1705 951 1838 1007 speci·

215 1020 320 1061 ficae
344 1049 357 1071 ‚
393 1017 606 1059 defectum
645 1026 829 1071 quatuor
866 1017 1165 1057 drachmarum
1202 1015 1378 1068 reperi,
1421 1024 1464 1055 et
1500 1016 1651 1068 viginti
1689 1027 1836 1070 guttu-

218 1085 282 1126 lae
321 1084 445 1125 huius
483 1082 617 1130 acidi,
656 1093 763 1136 quac
802 1091 897 1121 ante
934 1081 1252 1122 distillationem
1287 1080 1439 1133 riginti
1478 1080 1575 1120 οέὶο
1612 1081 1697 1121 0Ιεὶ
1725 1081 1837 1122 Tar-

219 1148 297 1190 tari
343 1145 528 1201 guttulas
574 1144 626 1187 ad
662 1146 965 1187 satumtioncm
1002 1153 1273 1200 exegerunt,
1323 1145 1409 1184 iam
1447 1157 1535 1186 non
1571 1145 1644 1185 nifi
1680 1145 1834 1200 viginti

217 1211 507 1266 requirebant.

412 1306 541 1360 Aqua
580 1306 757 1359 frigida,
801 1307 950 1347 relidto
989 1306 1029 1345 in
1068 1315 1227 1347 retorta
1264 1305 1564 1359 conglutinato
1600 1304 1740 1358 aliqua
1777 1317 1833 1347 ex

217 1382 338 1430 parte
375 1380 418 1411 et
454 1371 504 1410 ad
543 1369 724 1410 fundum
761 1371 1010 1412 adhaerenti
1048 1372 1287 1411 carbonum
1323 1370 1491 1424 pulueri
1514 1399 1526 1419 .‚
1564 1369 1723 1421 affusa,
1770 1371 1834 1410 in-

216 1439 380 1492 fignem
431 1436 666 1476 concitauit
709 1435 914 1476 calorem.
986 1434 1064 1475 Per
1108 1436 1297 1476 exactam
1343 1434 1531 1488 pulveris
1569 1435 1695 1475 huius
1733 1447 1831 1475 cum

220 1515 329 1555 aqua
366 1500 662 1541 elutritioncm
700 1499 867 1540 obtinui
905 1499 1077 1540 laticem
1121 1499 1350 1553 limpidum
1376 1527 1388 1548 a
1442 1510 1573 1552 aquae
1619 1498 1833 1551 ssmilem‚

218 1568 486 1621 aliquantum
525 1564 672 1605 salium
707 1574 752 1606 et
789 1564 1089 1617 subamarum,
1145 1565 1218 1618 qui
1264 1564 1313 1604 ad
1351 1563 1581 1604 ficcitatem
1625 1576 1834 1618 euapora-

218 1632 325 1672 tioni
365 1629 574 1670 subiectus
613 1629 749 1683 sesqui
788 1630 1034 1670 drachmam
1074 1629 1220 1669 massae
1259 1627 1409 1669 salinae
1448 1627 1598 1680 albae,
1643 1628 1833 1670 constan-

218 1698 270 1736 tis
317 1695 505 1749 partibus
552 1694 835 1734 coustitutiuis
884 1694 979 1735 fixis
1025 1694 1261 1735 carbonum
1299 1705 1398 1734 cum
1435 1693 1559 1734 acido
1596 1693 1688 1733 salis
1729 1706 1833 1734 cou-

218 1762 339 1802 nexis
364 1788 377 1811 ,
414 1758 701 1812 largiebatur3
739 1758 865 1799 calcis
903 1758 1044 1799 satirae
1082 1759 1253 1809 maior,
1292 1770 1417 1812 quam
1454 1768 1700 1799 ceterorum
1739 1758 1831 1798 sali-

220 1839 291 1868 um
316 1855 330 1876 ‚
370 1824 578 1878 quantitas
616 1834 704 1865 erat
739 1833 781 1863 et
817 1823 949 1865 caussa
984 1823 1098 1865 illius
1135 1822 1290 1864 caloris
1312 1852 1326 1877 9
1373 1835 1499 1878 quem
1537 1835 1644 1877 aqua
1680 1822 1831 1864 carbo·

220 1891 343 1933 nibus
382 1887 508 1930 affusa
546 1889 794 1929 concitauit.

414 1984 485 2027 Ex
523 1985 607 2025 hoc
645 1985 876 2025 tentamine
923 1985 1090 2038 liquet,
1144 1984 1352 2027 carbones
1398 1984 1568 2026 acidum
1605 1982 1695 2025 salis
1733 1995 1829 2038 pcr-

220 2051 320 2094 inde
357 2063 404 2092 ac
441 2050 610 2092 acidum
650 2050 745 2090 nitri
783 2049 1010 2091 destrucre.

406 2146 442 2200 ᾗ.
482 2148 522 2185 6.
593 2146 831 2200 Ηιιςιιςηυο
870 2159 1022 2187 omues
1068 2145 1297 2200 peritissimi
1348 2145 1474 2186 ctiam
1514 2142 1746 2195 Chcmici,
1800 2143 1828 2185 ss

220 2223 242 2253 a
287 2208 382 2253 Cel.
429 2211 622 2252 Baumeo
678 2211 941 2261 discesseris,
996 2224 1081 2250 vno
1140 2225 1214 2252 ore
1269 2209 1568 2262 affirmabant,
1621 2209 1827 2250 carbones

219 2276 371 2318 destrui
419 2276 488 2316 vel
537 2276 726 2330 partibus
775 2275 853 2316 suis
900 2275 1184 2316 constitutiuis
1231 2275 1328 2315 fixis
1375 2275 1529 2329 priuari
1579 2274 1700 2315 nullo
1744 2273 1827 2312 alio

218 2342 354 2385 modo
396 2341 551 2398 poffe,
604 2341 677 2384 nisi
722 2353 800 2397 per
843 2340 1182 2382 combustionem
1228 2339 1418 2395 ipsorum
1454 2340 1497 2381 iu
1533 2343 1628 2382 aere
1673 2337 1825 2378 libero.

1731 2401 1825 2443 Cel.
