2003 2700
645 158 794 180 ...a-.-
828 145 983 203 (263)
1016 163 1168 189 2—-

115 262 479 320 ,apsuivr-«nixui,
533 269 603 304 aut
634 261 768 302 vlceri
804 265 1074 316 praegresso,
1127 273 1198 305 aut
1231 264 1578 318 inflammationi,
1629 274 1702 309 aut

116 327 293 370 erofioni
330 328 601 379 cuicunque,
637 325 844 379 (quarum
884 327 1040 378 quippe
1076 340 1217 367 rerum
1253 329 1415 368 nullum
1452 329 1698 384 vestigium,

113 391 258 432 vmbra
295 390 431 439 nulla,
467 390 712 444 apparuit,)
749 388 924 430 adscribi
960 390 1120 442 potest,
1158 404 1294 444 neque
1330 402 1568 445 tumorem,
1604 407 1701 435 aor-

112 461 176 495 tae
212 454 486 505 insidentem,
518 450 607 494 ‘sed
646 452 914 506 inaequalem
958 454 1102 506 potius
1140 456 1268 495 totius
1305 469 1422 496 arcus
1459 467 1600 497 aortae
1638 459 1700 499 di-

109 517 382 569 latationem,
417 518 560 558 refert.
627 517 881 558 Anevrisma
917 526 1071 557 certam
1109 520 1286 560 arteriae*
1324 519 1464 560 sedem
1503 533 1699 576 occupat.

109 582 253 631 Haec,
291 582 451 635 reliqua
486 580 658 631 arteria,
696 593 946 634 quacunque
985 581 1036 621 de
1074 583 1216 634 causa,
1252 583 1458 635 debilior,
1502 586 1698 638 impulsui

110 643 288 698 sanginis
325 640 471 695 cedit,
521 644 562 682 in
601 653 813 683 tumorem
850 644 935 684 sola
970 645 1247 696 extenditur,
1302 647 1475 687 arteriae
1518 649 1699 690 insiden-

110 718 209 748 tem.
278 708 455 759 Reliqua
500 707 647 747 arteria
693 706 1150 761 tota-›suam'figuram
1188 708 1335 749 seruat.
1403 710 1543 751 Aliter
1577 714 1696 754 vides

108 778 204 811 cum
251 770 328 811 hac
369 770 614 810 extensione
658 782 777 808 arcus
822 780 963 809 nortae
1009 781 1301 822 comparatum
1345 773 1438 812 effe.
1514 775 1699 816 Accedit

105 833 320 874 offlficatio
349 829 476 885 p'ar'tis
506 830 744 880 morbosae,
786 844 890 883 quae
919 832 1023 871 mihi
1051 831 1100 871 ab
1130 833 1278 873 eadem
1311 833 1427 875 causa
1454 837 1598 879 effecta
1616 841 1695 880 effe

103 897 289 948 videtur,
326 907 405 949 qua
441 905 483 934 et
518 894 749 935 naturalem
787 894 900 934 suam
937 895 1221 936 clasticitatem
1257 908 1373 938 aorta
1407 901 1614 952 perdidit,
1650 913 1698 943 vt

104 961 242 999 minus
286 956 394 998 recte
440 958 618 1010 impetui
662 957 871 1009 sauguinis
913 958 1129 1010 resistere,
1172 969 1228 1000 ·vt
1263 962 1512 1005 extensa·se
1556 965 1693 1007 minus

103 1023 340 1072 restituere,
375 1021 578 1074 potuerit.

294 1149 435 1190 Prima
471 1149 588 1191 causa
622 1150 762 1191 morbi
798 1163 865 1192 me
902 1151 1015 1192 latet.
1083 1152 1266 1194 Morbus
1303 1154 1387 1208 ipse
1422 1155 1463 1195 in
1484 1157 1590 1197 vitio
1619 1157 1694 1199 ali·

104 1227 190 1268 quo
236 1213 478 1253 nutritionis
515 1211 648 1254 'huius
692 1215 818 1268 partis
863 1211 1004 1257 aortae
1050 1217 1268 1257 constitisse
1317 1220 1497 1260 videtur.
1569 1220 1691 1276 Quae

103 1278 202 1318 huic
238 1276 375 1318 ansam
411 1277 576 1317 dederit
610 1278 752 1330 causa,
787 1280 1035 1332 pathologis
1071 1281 1305 1321 eruendum
1340 1284 1559 1337 relinquo.

293 1402 406 1455 Cor,
445 1405 558 1458 quod
596 1405 885 1458 magnitudine
920 1407 1067 1461 insigni
1103 1409 1182 1448 effe
1218 1409 1298 1449 iam
1337 1409 1491 1450 dictum
1520 1412 1591 1465 est,
1628 1414 1692 1454 ni-

99 1466 161 1509 hil
196 1476 335 1508 tamen
373 1469 413 1507 in
450 1467 517 1508 sua
554 1468 747 1509 structura
784 1480 948 1522 praeter
983 1481 1171 1512 naturam
1207 1473 1423 1521 exhibuit3
1472 1477 1573 1528 quin
1609 1480 1692 1519 vti-

99 1531 160 1571 les
199 1532 301 1571 mihi
338 1531 654 1572 obseruationes
683 1533 732 1573 ad
762 1534 1108 1585 cognoscendum
1146 1536 1376 1577 naturalem
1410 1540 1605 1580 ordinem
1643 1542 1692 1582 fi-

101 1594 267 1634 brarum
304 1594 599 1635 muscularium
636 1597 929 1649 suppeditauit.
999 1597 1171 1640 Couum
1200 1601 1444 1641 arteriosum
1477 1603 1689 1658 fibrasque

100 1658 392 1699 circumflexas
433 1658 602 1700 finistras
639 1670 832 1700 externas
869 1661 1022 1701 iterum
1058 1664 1098 1702 in
1135 1676 1222 1714 eo,
1276 1665 1433 1706 medias
1470 1668 1689 1721 primum,

98 1722 200 1762 vidi.
269 1721 445 1763 Caetera
482 1724 562 1763 iam
587 1724 668 1764 visa
704 1724 968 1766 confirmaui.
1039 1726 1259 1781 Quaedam
1296 1730 1407 1770 haud
1441 1733 1560 1784 parui
1595 1746 1690 1774 mo-

99 1785 258 1838 menti,
293 1787 345 1827 de
385 1786 535 1840 quibus
571 1789 826 1842 propediem
864 1789 1025 1842 dicam,
1064 1792 1220 1832 detexi.

361 1905 853 1989 ›EXPLICATIO
920 1911 1412 1966 TABVLARVM.

767 1999 880 2041 Tab.
934 1999 1014 2041 VI.

291 2102 379 2145 Cor
415 2118 509 2146 cum
538 2108 637 2148 vafis
676 2112 851 2165 magnis.
921 2112 1175 2167 Superficies
1214 2115 1431 2169 superior,
1466 2119 1665 2161 anterior.

99 2167 150 2207 A.
219 2168 496 2210 Ventriculus
533 2172 691 2212 dexter.

98 2231 147 2270 Β.
216 2231 397 2272 Sinister.

1633 2305 1678 2345 C.
