2003 2700
664 205 1199 250 HISTOIRE.
1677 215 1730 257 45

139 335 159 364 a
195 318 412 362 chemicis
457 320 657 362 hactenus
704 320 883 374 negledii
928 311 1256 374 proprietatibus
1301 317 1439 360 ansam
1482 317 1731 373 praebuisse.

137 385 307 427 Notum
344 384 503 426 scilicet
537 385 608 436 est,
645 385 812 425 acidum
849 384 965 424 Nitri
1001 383 1148 436 insigni
1186 396 1282 422 cum
1318 383 1530 438 principio
1568 383 1736 424 inflam-

136 449 280 490 mabili
315 448 515 491 affinitate
551 450 761 502 gaudere,
795 449 907 489 vnde
946 445 1038 489 Cel.
1074 447 1389 497 Liclitenstein,
1424 441 1734 501 postquam'de

136 513 371 554 carbonum
407 514 450 553 vi
487 512 864 566 dephlogisticante
901 525 922 552 a
956 524 1025 551 me
1062 511 1222 551 detecta
1257 509 1414 550 certior
1449 512 1575 551 factus
1611 511 1727 562 esset,

135 577 349 630 inquirere
385 589 538 631 operae
576 576 759 628 pretium
796 575 851 615 est
887 574 1142 626 arbitratus,
1178 583 1321 615 vtrum
1357 573 1540 613 duorum
1576 576 1735 616 horum

135 652 386 693 corporum,
422 639 619 693 principii
654 638 970 680 inflammabilis
1007 647 1229 693 tantopere
1256 637 1485 688 tenacium,
1509 638 1732 679 acidumne

134 703 247 744 Nitri
283 717 333 744 an
370 702 529 745 carbo?
566 703 592 743 fi
627 703 738 744 inter
774 703 812 743 se
848 704 979 743 mixta
1016 703 1277 753 tractentur,
1324 701 1536 755 principio
1572 702 1736 742 inflam-

136 766 279 807 mabili
322 767 587 821 priuaturum
623 768 669 807 sit
705 766 920 808 alterum?
974 766 1101 807 Hunc
1137 768 1179 806 in
1216 765 1345 806 finem
1383 765 1503 819 super
1539 765 1735 806 carboni-

136 830 214 870 bus
250 832 291 872 in
327 831 549 884 puluerem
586 832 760 872 redaeus
789 840 831 871 et
864 839 1048 872 retortae
1084 831 1271 871 immiffis
1308 830 1475 871 acidum
1512 829 1626 870 Nitri
1663 831 1736 870 de·

136 895 359 934 stillatione
396 896 446 933 ad
483 895 707 934 siccitatem
745 907 879 947 vsque
915 895 1146 945 euocauit,
1203 907 1288 946 quo
1324 894 1624 947 experimento
1661 893 1737 935 ali-

139 959 304 1011 quoties
340 959 524 1009 repetito
561 957 816 1006 obseruauit,
853 971 873 996 a
909 957 1162 996 carbonibus
1200 958 1367 997 acidum
1405 957 1518 998 Nitri
1549 971 1635 998 non
1661 959 1736 998 de-

134 1019 420 1076 phlogisticari
457 1019 610 1069 solum,
649 1020 715 1060 sed
754 1020 880 1059 etiam
918 1019 1085 1069 destrui,
1122 1029 1180 1070 et,
1218 1021 1333 1071 quod
1371 1022 1557 1061 maxime
1585 1031 1732 1062 notatu

136 1084 311 1137 dignum
348 1083 428 1135 est,
464 1084 668 1124 carbones
705 1084 745 1122 in
781 1092 940 1123 retorta
975 1083 1142 1124 relic‘ios
1181 1083 1271 1123 salis
1309 1084 1430 1124 instar
1466 1097 1573 1138 aqua
1611 1099 1733 1138 pror-

135 1147 201 1187 sus
238 1145 437 1187 solubiles
473 1148 578 1193 effe3
631 1148 711 1196 ita,
752 1156 823 1197 vt,
871 1160 996 1200 quam
1036 1147 1131 1188 salsa
1168 1147 1296 1188 fuerit
1330 1148 1517 1201 vulgaris
1556 1147 1735 1189 Cnemi-

137 1223 284 1250 corum
324 1210 499 1263 opinio,
546 1210 635 1251 fieri
672 1210 791 1251 nullo
828 1212 961 1251 modo
998 1212 1138 1264 posse,
1174 1221 1218 1251 vt
1253 1211 1459 1252 carbones
1497 1225 1602 1264 aqua
1637 1213 1734 1253 red-

138 1275 288 1314 dantur
333 1273 565 1327 solubiles,
618 1275 704 1316 hoc
749 1274 876 1315 vnico
922 1276 1222 1329 experimento
1267 1275 1434 1316 abunde
1469 1276 1517 1315 fit
1554 1277 1734 1317 demon-

135 1337 318 1378 stratum.

328 1434 363 1487 ξ.
403 1445 444 1482 3.
514 1433 710 1488 Cognitis
749 1436 862 1477 hisce
899 1435 1133 1478 attentione
1171 1436 1308 1490 dignis
1341 1434 1491 1478 Celeb.
1528 1436 1733 1477 Lichten·

133 1497 264 1538 stcinii
301 1494 637 1551 experimentis,
672 1500 713 1540 id
748 1501 939 1554 inprimis
978 1500 1084 1540 mihi
1120 1502 1281 1554 negotii
1318 1500 1554 1554 proposui,
1588 1511 1635 1540 vt
1670 1502 1734 1540 in·

133 1561 398 1614 vestigarem,
438 1575 518 1615 qua
552 1564 713 1604 ratione
749 1564 970 1614 carbones,
1007 1563 1193 1617 respectu
1232 1564 1439 1605 fac'ultatis
1460 1564 1627 1604 acidum
1650 1564 1732 1605 Ni-

135 1627 185 1665 tri
225 1626 473 1677 destruendi,
511 1627 548 1667 se
583 1627 632 1667 ad
668 1628 746 1668 alia
781 1628 899 1669 acida
934 1628 1138 1677 habeant3
1183 1641 1310 1683 quem
1333 1630 1376 1669 in
1406 1627 1734 1683 finem'sequen-

134 1690 188 1731 tia
225 1690 515 1744 experimenta
548 1692 717 1732 institui.
1338 1692 1340 1695 ’
1397 1702 1400 1704 ’

648 1763 861 1844 Expei
847 1776 1127 1823 unentum
1177 1766 1217 1826 I.

324 1852 482 1893 Vncias
521 1861 602 1893 t1es
639 1854 746 1893 acidi
770 1853 938 1895 Tartari
969 1854 1184 1908 puriffmi,
1209 1853 1480 1905 crystlllisati,
1508 1853 1729 1895 sufficieutl

133 1927 264 1967 aquae
302 1917 531 1968 quantitate
568 1917 716 1965 soluti,
761 1918 928 1959 adiectis
967 1919 1199 1960 carbonum
1236 1919 1422 1971 pulueris
1459 1919 1593 1958 vnciis
1631 1919 1728 1970 lex,

137 1977 175 2016 in
218 1980 433 2033 cucurbita
477 1981 609 2022 vitrea
644 1982 775 2022 vesica
813 1983 968 2024 bubula
1006 1982 1138 2023 clausa
1174 1995 1249 2036 per
1285 1982 1449 2034 aliquot
1484 1982 1571 2021 dies
1611 1983 1729 2036 dige-

137 2036 271 2093 stio'ni,
305 2044 518 2085 interdum
555 2046 680 2086 etiam
715 2047 961 2086 vehementi
999 2046 1200 2098 coc‘tioni,
1234 2045 1428 2099 exposui.
1496 2044 1615 2086 Facta
1656 2047 1728 2087 de-

136 2105 232 2144 inde
278 2109 521 2149 exafiiffima
568 2111 673 2150 acidi
711 2123 732 2150 e
769 2110 1003 2151 carbonum
1048 2111 1226 2165 puluere
1270 2113 1366 2150 cnm
1413 2110 1518 2163 aqua
1555 2109 1725 2151 elutria-

135 2169 251 2207 tione
295 2181 337 2209 et
371 2171 548 2224 liquoris
586 2174 708 2214 huius
746 2187 879 2227 vsque
915 2176 963 2215 ad
1001 2176 1201 2228 punctum
1239 2173 1589 2226 crystallisationis
1627 2188 1726 2215 eua-

134 2232 388 2284 poratione,
428 2235 620 2277 lixiuium
656 2239 759 2278 istud
798 2239 958 2279 solenni
995 2239 1102 2289 illo,
1144 2251 1271 2292 quem
1307 2238 1474 2279 acidum
1513 2238 1614 2288 hoc,
1652 2237 1722 2277 vbi

135 2297 426 2359 euaporationi
462 2300 618 2353 absque
655 2302 885 2343 carbonum
921 2304 1138 2344 additione
1175 2303 1407 2355 subiicitur,
1428 2302 1591 2355 semper
1624 2302 1724 2341 assc-

936 2367 960 2405 f
986 2380 1009 2415 3
1650 2363 1722 2418 qui
