2003 2700
686 136 837 164 ιιι-.-
870 116 1025 174 (285)

151 236 248 291 35.)
311 234 531 288 Argentum
564 230 734 288 grtseurn
769 231 1015 275 antimonio-
1044 231 1228 274 mixtum
1262 242 1285 272 e
1321 230 1478 288 Siporo
1506 232 1560 275 ad
1593 231 1737 276 Potofi

335 299 379 339 in
414 298 628 339 America.

148 362 244 417 36.)
310 362 528 415 Argentum
561 370 737 402 corneum
772 357 933 400 coloris
969 358 1159 399 albiffimi
1193 360 1295 401 niuei
1329 359 1635 414 semipellucidi
1657 373 1736 402 nec

334 438 423 467 non
468 425 626 466 coloris
668 421 882 465 rubicundi.
967 422 1152 463 Frustula
1188 424 1394 477 amorpha
1429 437 1604 477 magnae
1640 437 1737 465 mo-

293 508 297 512 -
334 488 387 531 lis
421 489 510 531 vidi
543 489 585 530 in
622 486 767 528 museo
801 487 923 542 regio
957 486 1181 541 parisiensi,
1220 501 1324 543 quae
1361 501 1416 530 ex
1449 488 1558 529 Peru
1587 497 1630 529 et
1649 487 1734 530 Po-

335 552 412 593 tofi
447 553 588 593 attulit
622 550 678 591 D.
713 549 901 601 Domlny.

144 616 242 671 37.)
307 615 555 658 Haemames
597 616 711 667 niger
743 626 767 654 e
804 612 1024 655 Comitatu
1068 614 1178 655 Foix
1219 623 1262 655 et
1303 615 1392 656 aliis
1428 614 1535 656 locis
1572 616 1613 656 in
1649 615 1733 668 Py-

330 678 526 728 renaeis,
578 689 675 717 cum
710 678 909 731 magnefio.
938 677 1059 730 saepe
1093 678 1273 717 iunstus.
1358 679 1497 719 Huius
1534 679 1731 733 magnetii

329 740 559 782 varietates.
603 739 797 783 leuiffimi
847 741 1050 793 ponderis
1102 741 1171 782 hic
1215 753 1391 794 quoque
1425 742 1730 795 inueniuntur,

333 802 477 856 quales
521 803 564 842 in
607 801 895 855 Ma-rgrauiatu
939 802 1177 844 Baruthino
1217 813 1259 843 et
1293 804 1392 845 alibi
1426 805 1468 845 in
1506 804 1731 849 Germania

331 874 576 908 occurrunt.

141 930 237 985 38.)
303 928 463 971 Minera
494 927 602 983 ferri
628 926 805 982 stratosa
849 940 872 968 e
909 929 1123 983 particulis
1161 930 1324 970 detritis
1361 932 1572 972 montium
1611 931 1730 972 ferri-

330 992 524 1033 ferorum
555 990 717 1032 lnfissa'e
754 991 918 1043 Eume,
951 993 1000 1032 ad
1035 992 1164 1033 litora
1197 994 1387 1034 eiusdem
1425 996 1632 1048 deposita,
1668 997 1732 1037 in-

328 1065 445 1108 tegra
479 1055 596 1096 strata
629 1055 671 1094 in
709 1054 843 1095 fundo
879 1057 1005 1095 maris
1042 1056 1183 1096 versus
1210 1057 1332 1097 litora
1350 1058 1504 1099 insulae
1524 1058 1693 1099 format.

139 1118 237 1172 39.)
303 1117 469 1159 Ferrum
493 1116 697 1172 spacosztm
732 1120 979 1160 lenticulare
1016 1121 1083 1160 vel
1113 1122 1250 1163 forma
1271 1122 1500 1172 cristarum,
1520 1136 1628 1163 -cum
1649 1124 1729 1163 mi-

330 1194 428 1222 nera
463 1183 621 1235 argenti
656 1182 816 1236 grisea,
852 1196 906 1223 ex
940 1183 1145 1237 Baigorre':
1183 1187 1223 1224 in
1260 1184 1499 1236 Pyrenaeis,

137 1247 236 1302 40.)
302 1245 468 1287 Ferrum
492 1244 697 1300 spatosam
732 1259 787 1286 ex
822 1247 954 1287 Alvar
990 1248 1030 1286 in
1067 1247 1344 1302 Delphinatu.
1393 1249 1504 1289 Idem
1540 1262 1596 1290 ex
1630 1251 1729 1291 Wi-

328 1309 386 1350 zil
420 1310 462 1349 in
499 1310 645 1351 eadem
680 1310 898 1363 prouincia
940 1310 1121 1351 Galliae.

136 1373 234 1428 41.)
304 1371 443 1413 Ochra
483 1371 590 1428 ferri
641 1372 822 1413 caerulea
874 1371 1162 1425 (Caeruleum
1207 1373 1469 1415 beroiincnse
1507 1376 1727 1429 natiuum)

327 1450 350 1477 e
386 1436 493 1478 locis
526 1435 758 1490 caespitofis
786 1437 836 1478 ad
872 1437 1076 1479 Beauvais
1112 1439 1153 1478 in
1189 1439 1411 1493 prouincia
1447 1440 1600 1493 gallica
1635 1440 1728 1481 Pic-

328 1501 466 1542 cardie
503 1501 622 1542 dista.

136 1564 235 1620 42.)
300 1562 542 1605 Malachites
575 1573 617 1605 et
652 1571 811 1618 cuprum
846 1575 1031 1606 azurcum
1067 1565 1173 1617 (berb
1206 1564 1464 1618 Siupfcrssimi)
1508 1580 1530 1606 e
1568 1567 1724 1607 fodinis

325 1629 377 1670 ad
412 1627 604 1669 Molinam
637 1627 915 1682 Arragoniae.
983 1628 1216 1683 Superficie
1244 1629 1476 1682 crystallina
1511 1631 1724 1671 interdum

324 1693 547 1746 reperitur.
587 1690 593 1697 ’

136 1755 232 1809 43.)
299 1754 480 1796 Minerae
514 1757 639 1809 cupri,
674 1756 776 1796 varii
812 1756 996 1810 generis,
1033 1769 1055 1796 e
1093 1757 1239 1798 fodina
1274 1756 1368 1799 Stae
1408 1754 1639 1800 christinae
1679 1759 1722 1798 in

327 1819 542 1860 montibus
579 1821 797 1873 pyrenaeis
836 1821 1072 1874 hispanicis.

135 1880 232 1933 44.)
298 1881 500 1922 Plumbum
525 1881 728 1937 spacosum
774 1884 917 1924 album
953 1894 996 1924 et
1028 1884 1175 1936 gala-na
1205 1883 1380 1937 plumbi,
1435 1897 1457 1924 c
1496 1884 1638 1926 fodina
1676 1884 1720 1926 S.

327 1945 543 1998 Sanveur,
581 1961 602 1985 2
640 1948 746 1988 mill.
783 1948 1102 2002 Montepeffulo
1140 1949 1324 1989 distante.

134 2007 231 2061 45.)
296 2007 499 2049 plumbum
533 2012 654 2052 acido
691 2012 924 2066 phosphori
961 2013 1303 2063 mineralisatum,
1324 2011 1549 2067 spatosum‚
1571 2012 1719 2052 colore

325 2073 772 2125 grysco·rubescente
808 2075 946 2117 forma
972 2077 1218 2131 pyriformi‚
1255 2076 1377 2130 super
1417 2076 1631 2130 quartsum
1665 2089 1721 2116 ex

324 2135 572 2176 Poullaoen.

134 2198 232 2252 46.)
299 2198 534 2251 plumbum,
568 2201 688 2242 acido
722 2202 960 2258 phosphori
997 2202 1351 2254 mineralisatum,
1382 2203 1609 2257 spatosum.,
1645 2213 1722 2241 co·

892 2266 933 2306 N
957 2279 984 2305 n
1022 2278 1047 2314 3
1624 2264 1716 2305 Iore
