2003 2700
687 154 835 167 ---
871 135 1024 189 (255)
1059 154 1208 166 -·-

338 248 386 289 In
432 248 509 289 hac
553 247 772 303 posteriori
818 248 974 288 tuberis
1013 246 1266 299 superficie,
1319 253 1361 285 et
1395 246 1438 284 in
1474 245 1613 285 media
1648 246 1736 285 eius

91 340 93 343 .
150 324 264 370 parte
302 314 502 367 quidem⁷
535 311 687 353 vuluus
724 311 793 351 est.
879 311 1004 360 Hoc,
1042 310 1144 348 ficut
1179 310 1261 349 iam
1297 309 1471 359 monui,
1507 307 1738 348 secundum

141 377 458 430 longitudinem
493 375 664 417 arteriae
702 375 886 414 ductum.
972 373 1128 426 Incipit
1163 373 1430 412 extremitate
1467 372 1595 412 altera
1629 372 1738 413 infe-

138 443 247 491 ¹rius⁷
283 440 489 493 pollicem
525 453 623 480 cum
659 438 837 479 dimidio
872 436 992 490 supra
1028 436 1136 476 basin
1174 446 1331 486 aortae‚
1367 436 1408 475 in
1446 435 1539 475 sede
1571 436 1736 488 eadem,

144 504 213 543 vbi
266 503 488 556 pericardii
541 502 785 543 membrana
829 501 990 541 interna
1035 500 1083 540 ab
1127 508 1244 540 aorta
1278 500 1328 540 ad
1365 499 1497 539 finum
1534 511 1735 539 venarum

144 568 457 620 pulmonalium
491 566 644 607 tran-fit.
713 565 928 606 Notabilis
965 576 1058 617 pars
1095 565 1207 604 euim
1244 571 1384 603 aortae
1421 564 1468 603 ad
1509 562 1615 603 bafin
1644 563 1735 603 eius

145 632 221 670 hac
258 631 424 680 tunica,
480 642 585 681 quae
620 640 676 668 ex
709 627 949 680 pericardio
985 627 1281 676 continuatur,
1317 635 1454 673 caret3
1511 638 1647 678 neque
1684 627 1735 667 ad

144 693 250 733 b21fin
295 693 365 732 illa
407 704 542 744 vsque
592 700 734 732 aortae
771 692 1005 731 continuat.
1092 690 1209 731 Haec
1245 697 1334 728 tota
1368 701 1495 741 pam,
1548 689 1660 743 adipi
1694 699 1736 731 et

141 755 368 796 cellulosae
403 753 620 804 immersa,
658 756 708 794 de
747 768 827 806 qua
863 765 907 794 et
939 754 1112 794 arteriae
1149 752 1425 805 egrediuntur
1460 753 1733 805 coronariae,

141 819 312 858 extensa
348 818 521 870 quidem
556 826 720 869 praeter
754 825 942 856 naturam
963 844 976 866 ,
1029 824 1070 855 at
1103 816 1278 854 vulnere
1313 815 1494 865 intacta,
1545 815 1733 867 perstitit.

141 882 210 921 Ab
248 894 296 922 ca
331 882 424 921 sede
460 880 690 920 secundum
726 880 896 919 ductum
932 888 974 918 et
1010 878 1271 931 progressum
1307 887 1448 918 aortae
1483 878 1636 918 vuluus
1662 880 1735 919 ad-

142 945 299 984 scendit
332 943 450 984 labiis
473 972 486 993 ‚
545 955 600 982 ex
635 942 867 982 acutissimo
904 941 1061 994 angulo
1098 941 1245 980 senfim
1282 954 1303 981 a
1338 940 1376 980 se
1414 949 1564 981 mutuo
1600 941 1733 982 disce-

141 1006 354 1056 dentibus,
391 1018 468 1045 nec
505 1014 644 1045 tamen
680 1005 723 1044 in
759 1006 898 1046 media
934 1005 1121 1044 vulueris
1158 1014 1292 1057 parte,
1330 1013 1445 1044 aorta
1479 1004 1552 1044 fibi
1574 1006 1732 1057 reneca,

137 1070 245 1110 vltra
288 1071 417 1109 lineas
465 1079 547 1108 tres
583 1079 653 1109 aut
690 1078 871 1122 quatuor
907 1068 1163 1108 distantibus.
1233 1068 1509 1107 Terminatur
1544 1067 1731 1121 superius

140 1133 223 1172 fine
260 1143 384 1173 acuto
420 1131 552 1172 altero
590 1133 630 1172 in
667 1145 714 1172 ea
749 1133 860 1183 sede,
895 1132 968 1172 vbi
1003 1132 1189 1185 primum
1225 1131 1448 1185 pericardii
1487 1132 1733 1173 membrana

138 1197 187 1236 ad
225 1206 382 1236 aortam
420 1195 460 1234 se
497 1197 690 1249 applicat.
761 1196 824 1237 Vt
858 1204 946 1236 tota
983 1196 1086 1236 haec
1123 1208 1215 1248 pars
1253 1205 1392 1235 nortae
1415 1225 1427 1245 ⁷
1474 1208 1554 1249 qua
1589 1197 1730 1236 tunica

138 1261 207 1299 illa
241 1260 385 1299 induta
420 1258 491 1309 est,
527 1261 702 1299 vulnere
737 1259 785 1298 fit
819 1260 1027 1312 percuffa3
1067 1273 1170 1312 quae
1198 1259 1304 1298 intra
1324 1259 1604 1311 pericardium
1627 1273 1731 1300 con-

138 1332 250 1363 tenta
284 1323 446 1375 reliqua
481 1323 570 1362 eius
606 1321 782 1362 inferior
816 1335 928 1376 pam,
948 1323 1060 1376 adipi
1087 1332 1129 1361 et
1157 1322 1381 1362 cellulosae
1407 1322 1600 1373 immissa,
1619 1322 1729 1363 salua

136 1386 269 1426 restet.
338 1385 586 1437 Longitudo
623 1386 809 1425 vulneris
847 1387 1009 1438 totius,
1062 1399 1148 1438 quo
1185 1398 1317 1439 vsque
1355 1385 1440 1426 hoc
1475 1386 1517 1425 in
1553 1396 1727 1427 externa

136 1461 276 1490 aortae
313 1449 532 1502 superficie
568 1458 753 1502 apparet,
789 1448 958 1501 pollicis
996 1450 1117 1489 vuius
1154 1458 1196 1489 et
1233 1450 1379 1489 decem
1416 1449 1621 1489 linearum
1646 1450 1726 1498 est3

139 1527 234 1566 qua,
272 1526 367 1552 cum
404 1522 702 1565 perrumpente
739 1511 935 1565 sanguine
974 1513 1229 1562 dilataretur,
1268 1523 1460 1566 apertura
1498 1514 1618 1554 facile
1641 1527 1728 1555 am-

136 1577 247 1616 bitus
285 1576 492 1629 pollicum
528 1576 652 1615 trium
690 1575 798 1615 effici
836 1576 992 1628 potuit,
1035 1590 1115 1630 qua
1151 1577 1283 1616 maius
1321 1577 1495 1618 naturali
1531 1576 1728 1619 struc‘iura

135 1640 279 1679 lumen
317 1649 430 1679 aorta
468 1652 551 1679 uon
589 1639 741 1679 habere
778 1639 896 1680 solet.
966 1639 1096 1693 Quod
1135 1640 1318 1681 maxime
1354 1641 1526 1681 miratus
1565 1640 1653 1691 sum
1682 1642 1725 1682 in

133 1704 307 1743 vulnere
345 1716 415 1753 eo⁷
450 1703 533 1743 iiue
569 1713 757 1756 ruptura,
792 1703 901 1744 labia
937 1703 1044 1756 sunt,
1081 1717 1186 1758 quae
1224 1705 1416 1755 minime,
1452 1714 1497 1745 vt
1518 1706 1728 1746 coniec'ia-

132 1779 227 1817 res⁷
263 1767 521 1818 inaequaln,
559 1767 720 1819 serrata,
756 1777 825 1807 aut
859 1767 1053 1819 lacerata,
1092 1769 1456 1820 quemadmodum
1491 1769 1533 1808 in
1570 1758 1724 1809 tunicis
1767 1796 1769 1799 -

133 1840 204 1869 aut
238 1830 424 1880 partibus
464 1830 681 1883 quibusuis
719 1832 916 1883 disruptis
953 1831 1043 1872 fieri
1080 1832 1202 1882 solet,
1239 1833 1306 1871 sed
1344 1832 1531 1884 aequalia
1554 1832 1724 1885 prorsus

133 1901 175 1931 et
210 1892 343 1931 laeuia
375 1902 416 1931 et
436 1895 541 1933 recta
577 1893 682 1946 sunt,
721 1895 832 1934 haud
869 1895 983 1935 secus
1021 1896 1095 1936 acfi
1133 1895 1270 1935 cultro
1307 1905 1432 1936 acuto
1463 1895 1589 1936 incisa
1607 1908 1724 1938 aorta

134 1955 244 1994 efl‘et.
317 1955 390 1995 Vti
426 1956 466 1994 in
504 1966 654 1998 tantam
692 1959 886 2010 molem,
939 1960 980 1999 vi
1017 1959 1222 2012 sanguinis
1259 1959 1423 2013 impulsi
1459 1960 1611 2012 procul
1647 1962 1724 2001 du-

135 2019 223 2068 bio.²
260 2029 374 2058 aorta
411 2019 580 2060 distenta
614 2022 689 2070 est3
727 2035 867 2062 noune
904 2032 946 2062 et
983 2023 1032 2063 ab
1069 2024 1218 2063 eadem
1252 2024 1312 2075 vi,
1346 2023 1418 2079 ybi
1455 2024 1624 2063 tandem
1658 2025 1724 2064 vl-

135 2083 262 2121 terius
317 2084 467 2122 cedere
520 2095 657 2125 aortae
693 2087 871 2138 parietes
918 2100 1003 2126 non
1039 2096 1304 2139 potuerunt,
1358 2096 1523 2140 ruptam
1559 2097 1721 2129 aortam

133 2147 229 2194 esse⁷
268 2145 469 2185 credibile
507 2147 592 2187 cst?
628 2148 683 2188 Et
718 2160 853 2190 tamen
891 2151 996 2190 nihil
1034 2151 1119 2191 fere
1156 2163 1251 2190 cum
1288 2163 1385 2190 vera
1420 2161 1591 2204 ruptura
1611 2151 1721 2190 simi·

133 2207 173 2247 le
212 2209 361 2248 vulnus
399 2210 535 2250 habet.
611 2211 762 2254 Dicam
798 2224 937 2254 autem
971 2215 1015 2254 in
1054 2213 1356 2267 sequentibus,
1405 2213 1478 2256 vbi
1512 2215 1717 2256 internam

1628 2288 1720 2316 aor-
