<?xml version="1.0" encoding="UTF-8"?>
<!DOCTYPE html PUBLIC "-//W3C//DTD XHTML 1.0 Transitional//EN"
    "http://www.w3.org/TR/xhtml1/DTD/xhtml1-transitional.dtd">
<html xmlns="http://www.w3.org/1999/xhtml" xml:lang="en" lang="en">
 <head>
  <title>
</title>
<meta http-equiv="Content-Type" content="text/html;charset=utf-8" />
  <meta name='ocr-system' content='tesseract 3.04.00' />
  <meta name='ocr-capabilities' content='ocr_page ocr_carea ocr_par ocr_line ocrx_word'/>
</head>
<body>
  <div class='ocr_page' id='page_1' title='image "./novaactaacademia05impe_0259.png"; bbox 0 0 2003 2700; ppageno 0'>
   <div class='ocr_carea' id='block_1_1' title="bbox 681 131 1205 184">
    <p class='ocr_par' dir='ltr' id='par_1_1' title="bbox 681 131 1205 184">
     <span class='ocr_line' id='line_1_1' title="bbox 681 131 1205 184; baseline -0.013 1"><span class='ocrx_word' id='word_1_1' title='bbox 681 150 832 173; x_wconf 76' lang='lat'>==</span> <span class='ocrx_word' id='word_1_2' title='bbox 866 131 1019 184; x_wconf 81' lang='lat'><em>(149)</em></span> <span class='ocrx_word' id='word_1_3' title='bbox 1053 145 1205 179; x_wconf 55' lang='grc' dir='ltr'>πεπυ</span> 
     </span>
    </p>
   </div>
   <div class='ocr_carea' id='block_1_2' title="bbox 158 249 1734 282">
    <p class='ocr_par' dir='ltr' id='par_1_2' title="bbox 158 249 1734 282">
     <span class='ocr_line' id='line_1_2' title="bbox 158 249 1734 282; baseline 0 2418"><span class='ocrx_word' id='word_1_4' title='bbox 158 249 1734 282; x_wconf 95' lang='lat' dir='ltr'> </span> 
     </span>
    </p>
   </div>
   <div class='ocr_carea' id='block_1_3' title="bbox 178 270 1708 294">
    <p class='ocr_par' dir='ltr' id='par_1_3' title="bbox 178 270 1708 294">
     <span class='ocr_line' id='line_1_3' title="bbox 178 270 1708 294; baseline 0 2406"><span class='ocrx_word' id='word_1_5' title='bbox 178 270 1708 294; x_wconf 95' lang='lat' dir='ltr'> </span> 
     </span>
    </p>
   </div>
   <div class='ocr_carea' id='block_1_4' title="bbox 418 341 1431 517">
    <p class='ocr_par' dir='ltr' id='par_1_4' title="bbox 418 341 1431 517">
     <span class='ocr_line' id='line_1_4' title="bbox 418 341 1431 517; baseline -0.014 1"><span class='ocrx_word' id='word_1_6' title='bbox 418 402 824 517; x_wconf 41' lang='lat' dir='ltr'><strong>”MOTV</strong></span> <span class='ocrx_word' id='word_1_7' title='bbox 899 341 1431 509; x_wconf 53' lang='lat' dir='ltr'>{QEVODAM</span> 
     </span>
    </p>
   </div>
   <div class='ocr_carea' id='block_1_5' title="bbox 186 554 1713 701">
    <p class='ocr_par' dir='ltr' id='par_1_5' title="bbox 186 554 1713 701">
     <span class='ocr_line' id='line_1_5' title="bbox 186 554 1713 611; baseline -0.009 0"><span class='ocrx_word' id='word_1_8' title='bbox 186 564 443 610; x_wconf 88' lang='lat' dir='ltr'><strong>MAXIME</strong></span> <span class='ocrx_word' id='word_1_9' title='bbox 478 559 893 611; x_wconf 81' lang='lat' dir='ltr'><strong>MEMORABILI,</strong></span> <span class='ocrx_word' id='word_1_10' title='bbox 931 556 1104 600; x_wconf 89' lang='lat' dir='ltr'>SATIS</span> <span class='ocrx_word' id='word_1_11' title='bbox 1143 554 1405 611; x_wconf 84' lang='lat' dir='ltr'>QVlDEM</span> <span class='ocrx_word' id='word_1_12' title='bbox 1431 554 1713 611; x_wconf 84' lang='lat' dir='ltr'>SIMPLICI,</span> 
     </span>
     <span class='ocr_line' id='line_1_6' title="bbox 447 648 1370 701; baseline -0.012 0"><span class='ocrx_word' id='word_1_13' title='bbox 447 670 452 674; x_wconf 88' lang='grc'>·</span> <span class='ocrx_word' id='word_1_14' title='bbox 516 657 606 700; x_wconf 90' lang='lat' dir='ltr'>AT</span> <span class='ocrx_word' id='word_1_15' title='bbox 643 654 902 701; x_wconf 89' lang='lat' dir='ltr'>SOLVTV</span> <span class='ocrx_word' id='word_1_16' title='bbox 936 648 1370 696; x_wconf 87' lang='lat' dir='ltr'>DIFFICILLIMO.</span> 
     </span>
    </p>
   </div>
   <div class='ocr_carea' id='block_1_6' title="bbox 729 783 1159 917">
    <p class='ocr_par' dir='ltr' id='par_1_6' title="bbox 729 783 1159 917">
     <span class='ocr_line' id='line_1_7' title="bbox 851 783 1042 823; baseline -0.016 0"><span class='ocrx_word' id='word_1_17' title='bbox 851 783 1042 823; x_wconf 47' lang='lat' dir='ltr'>Androm</span> 
     </span>
     <span class='ocr_line' id='line_1_8' title="bbox 729 872 1159 917; baseline -0.009 0"><span class='ocrx_word' id='word_1_18' title='bbox 729 875 776 917; x_wconf 89' lang='lat' dir='ltr'>L.</span> <span class='ocrx_word' id='word_1_19' title='bbox 844 874 880 915; x_wconf 90' lang='lat' dir='ltr'><em>E</em></span> <span class='ocrx_word' id='word_1_20' title='bbox 902 873 977 914; x_wconf 88' lang='lat' dir='ltr'>VL</span> <span class='ocrx_word' id='word_1_21' title='bbox 994 873 1028 913; x_wconf 84' lang='lat' dir='ltr'><em>E</em></span> <span class='ocrx_word' id='word_1_22' title='bbox 1046 872 1082 915; x_wconf 85' lang='lat' dir='ltr'><strong>R</strong></span> <span class='ocrx_word' id='word_1_23' title='bbox 1106 872 1159 913; x_wconf 92' lang='grc' dir='ltr'>Ο.</span> 
     </span>
    </p>
   </div>
   <div class='ocr_carea' id='block_1_7' title="bbox 519 1050 1368 1103">
    <p class='ocr_par' dir='ltr' id='par_1_7' title="bbox 519 1050 1368 1103">
     <span class='ocr_line' id='line_1_9' title="bbox 519 1050 1368 1103; baseline -0.007 -9"><span class='ocrx_word' id='word_1_24' title='bbox 519 1054 703 1095; x_wconf 78' lang='lat' dir='ltr'>Conuent.</span> <span class='ocrx_word' id='word_1_25' title='bbox 740 1050 871 1094; x_wconf 70' lang='lat' dir='ltr'>exhib.</span> <span class='ocrx_word' id='word_1_26' title='bbox 907 1050 969 1090; x_wconf 80' lang='lat' dir='ltr'>die</span> <span class='ocrx_word' id='word_1_27' title='bbox 1009 1060 1029 1094; x_wconf 89' lang='lat'>8</span> <span class='ocrx_word' id='word_1_28' title='bbox 1069 1050 1196 1092; x_wconf 69' lang='lat' dir='ltr'>Avril</span> <span class='ocrx_word' id='word_1_29' title='bbox 1233 1065 1368 1103; x_wconf 87' lang='lat'>1779.</span> 
     </span>
    </p>
   </div>
   <div class='ocr_carea' id='block_1_8' title="bbox 1164 1118 1429 1130">
    <p class='ocr_par' dir='ltr' id='par_1_8' title="bbox 1164 1118 1429 1130">
     <span class='ocr_line' id='line_1_10' title="bbox 1164 1118 1429 1130; baseline -0.008 -2"><span class='ocrx_word' id='word_1_30' title='bbox 1164 1118 1429 1130; x_wconf 75' lang='grc'>-.-.....---</span> 
     </span>
    </p>
   </div>
   <div class='ocr_carea' id='block_1_9' title="bbox 887 1282 1003 1337">
    <p class='ocr_par' dir='ltr' id='par_1_9' title="bbox 887 1282 1003 1337">
     <span class='ocr_line' id='line_1_11' title="bbox 887 1282 1003 1337; baseline -0.009 -14"><span class='ocrx_word' id='word_1_31' title='bbox 887 1282 922 1337; x_wconf 66' lang='grc' dir='ltr'>ς.</span> <span class='ocrx_word' id='word_1_32' title='bbox 965 1295 1003 1322; x_wconf 89' lang='lat'>1.</span> 
     </span>
    </p>
   </div>
   <div class='ocr_carea' id='block_1_10' title="bbox 147 1345 1746 2110">
    <p class='ocr_par' dir='ltr' id='par_1_10' title="bbox 147 1345 1746 2110">
     <span class='ocr_line' id='line_1_12' title="bbox 147 1345 1744 1472; baseline -0.004 -12"><span class='ocrx_word' id='word_1_33' title='bbox 147 1345 419 1472; x_wconf 83' lang='lat' dir='ltr'>Concipio</span> <span class='ocrx_word' id='word_1_34' title='bbox 455 1417 525 1458; x_wconf 89' lang='lat' dir='ltr'>hic</span> <span class='ocrx_word' id='word_1_35' title='bbox 561 1416 800 1468; x_wconf 88' lang='lat' dir='ltr'>cylindrum</span> <span class='ocrx_word' id='word_1_36' title='bbox 835 1414 916 1455; x_wconf 82' lang='lat' dir='ltr'>basi</span> <span class='ocrx_word' id='word_1_37' title='bbox 952 1415 1020 1456; x_wconf 90' lang='lat' dir='ltr'>sua</span> <span class='ocrx_word' id='word_1_38' title='bbox 1057 1413 1250 1455; x_wconf 84' lang='lat' dir='ltr'>circulari</span> <span class='ocrx_word' id='word_1_39' title='bbox 1286 1412 1424 1455; x_wconf 85' lang='lat' dir='ltr'>AbB</span> <span class='ocrx_word' id='word_1_40' title='bbox 1447 1412 1487 1455; x_wconf 88' lang='lat' dir='ltr'>A</span> <span class='ocrx_word' id='word_1_41' title='bbox 1515 1414 1643 1468; x_wconf 81' lang='lat' dir='ltr'>plano</span> <span class='ocrx_word' id='word_1_42' title='bbox 1664 1413 1744 1455; x_wconf 87' lang='lat' dir='ltr'>ho-</span> 
     </span>
     <span class='ocr_line' id='line_1_13' title="bbox 150 1477 1740 1532; baseline -0.004 -8"><span class='ocrx_word' id='word_1_43' title='bbox 150 1482 347 1524; x_wconf 83' lang='lat' dir='ltr'>rizontali</span> <span class='ocrx_word' id='word_1_44' title='bbox 383 1480 638 1522; x_wconf 80' lang='lat' dir='ltr'>verticaliter</span> <span class='ocrx_word' id='word_1_45' title='bbox 672 1479 939 1529; x_wconf 71' lang='lat' dir='ltr'>insistentem,</span> <span class='ocrx_word' id='word_1_46' title='bbox 976 1479 1043 1518; x_wconf 92' lang='lat' dir='ltr'>cui</span> <span class='ocrx_word' id='word_1_47' title='bbox 1079 1492 1154 1532; x_wconf 88' lang='lat' dir='ltr'>per</span> <span class='ocrx_word' id='word_1_48' title='bbox 1182 1478 1384 1532; x_wconf 65' lang='lat' dir='ltr'>Plurimus</span> <span class='ocrx_word' id='word_1_49' title='bbox 1412 1477 1537 1532; x_wconf 81' lang='lat' dir='ltr'>spiras</span> <span class='ocrx_word' id='word_1_50' title='bbox 1559 1479 1740 1519; x_wconf 89' lang='lat' dir='ltr'>circum-</span> 
     </span>
     <span class='ocr_line' id='line_1_14' title="bbox 151 1540 1744 1597; baseline -0.003 -10"><span class='ocrx_word' id='word_1_51' title='bbox 151 1546 348 1587; x_wconf 84' lang='lat' dir='ltr'>volutum</span> <span class='ocrx_word' id='word_1_52' title='bbox 395 1545 442 1584; x_wconf 89' lang='lat' dir='ltr'>fit</span> <span class='ocrx_word' id='word_1_53' title='bbox 476 1544 617 1595; x_wconf 72' lang='lat' dir='ltr'>filum,</span> <span class='ocrx_word' id='word_1_54' title='bbox 654 1544 787 1584; x_wconf 82' lang='lat' dir='ltr'>altero</span> <span class='ocrx_word' id='word_1_55' title='bbox 825 1542 1007 1584; x_wconf 84' lang='lat' dir='ltr'>termino</span> <span class='ocrx_word' id='word_1_56' title='bbox 1044 1543 1084 1582; x_wconf 91' lang='lat' dir='ltr'>in</span> <span class='ocrx_word' id='word_1_57' title='bbox 1120 1541 1276 1596; x_wconf 59' lang='lat' dir='ltr'>punRO</span> <span class='ocrx_word' id='word_1_58' title='bbox 1313 1540 1354 1582; x_wconf 92' lang='lat' dir='ltr'>O</span> <span class='ocrx_word' id='word_1_59' title='bbox 1391 1541 1541 1582; x_wconf 83' lang='lat' dir='ltr'>fixum.</span> <span class='ocrx_word' id='word_1_60' title='bbox 1613 1542 1744 1597; x_wconf 84' lang='lat' dir='ltr'>Quod</span> 
     </span>
     <span class='ocr_line' id='line_1_15' title="bbox 151 1606 1744 1660; baseline -0.002 -10"><span class='ocrx_word' id='word_1_61' title='bbox 151 1610 180 1651; x_wconf 85' lang='lat' dir='ltr'><strong>fi</strong></span> <span class='ocrx_word' id='word_1_62' title='bbox 217 1611 300 1650; x_wconf 83' lang='lat' dir='ltr'>iam</span> <span class='ocrx_word' id='word_1_63' title='bbox 335 1609 433 1649; x_wconf 90' lang='lat' dir='ltr'>huic</span> <span class='ocrx_word' id='word_1_64' title='bbox 471 1609 662 1660; x_wconf 75' lang='lat' dir='ltr'>cylindro</span> <span class='ocrx_word' id='word_1_65' title='bbox 699 1617 840 1647; x_wconf 80' lang='lat' dir='ltr'>motus</span> <span class='ocrx_word' id='word_1_66' title='bbox 879 1607 1121 1660; x_wconf 86' lang='lat' dir='ltr'>quicunque</span> <span class='ocrx_word' id='word_1_67' title='bbox 1159 1606 1285 1646; x_wconf 89' lang='lat' dir='ltr'>fuerit</span> <span class='ocrx_word' id='word_1_68' title='bbox 1319 1606 1571 1660; x_wconf 66' lang='lat' dir='ltr'>impressus,</span> <span class='ocrx_word' id='word_1_69' title='bbox 1617 1619 1744 1660; x_wconf 85' lang='lat' dir='ltr'>quae-</span> 
     </span>
     <span class='ocr_line' id='line_1_16' title="bbox 150 1670 1743 1723; baseline -0.003 -9"><span class='ocrx_word' id='word_1_70' title='bbox 150 1674 257 1715; x_wconf 86' lang='lat' dir='ltr'>ritur</span> <span class='ocrx_word' id='word_1_71' title='bbox 302 1673 425 1713; x_wconf 86' lang='lat' dir='ltr'>huius</span> <span class='ocrx_word' id='word_1_72' title='bbox 470 1682 610 1712; x_wconf 87' lang='lat' dir='ltr'>motus</span> <span class='ocrx_word' id='word_1_73' title='bbox 648 1671 947 1722; x_wconf 64' lang='lat' dir='ltr'>continuati09</span> <span class='ocrx_word' id='word_1_74' title='bbox 997 1671 1107 1710; x_wconf 87' lang='lat' dir='ltr'>vnde</span> <span class='ocrx_word' id='word_1_75' title='bbox 1144 1671 1195 1711; x_wconf 87' lang='lat' dir='ltr'>ad</span> <span class='ocrx_word' id='word_1_76' title='bbox 1233 1670 1414 1723; x_wconf 83' lang='lat' dir='ltr'>quoduis</span> <span class='ocrx_word' id='word_1_77' title='bbox 1453 1680 1620 1723; x_wconf 86' lang='lat' dir='ltr'>tempus</span> <span class='ocrx_word' id='word_1_78' title='bbox 1657 1682 1743 1712; x_wconf 89' lang='lat' dir='ltr'>tam</span> 
     </span>
     <span class='ocr_line' id='line_1_17' title="bbox 151 1733 1744 1792; baseline -0.001 -15"><span class='ocrx_word' id='word_1_79' title='bbox 151 1737 305 1792; x_wconf 87' lang='lat' dir='ltr'>pofitio</span> <span class='ocrx_word' id='word_1_80' title='bbox 358 1736 482 1790; x_wconf 84' lang='lat' dir='ltr'>ipfius</span> <span class='ocrx_word' id='word_1_81' title='bbox 536 1736 715 1787; x_wconf 87' lang='lat' dir='ltr'>cylindri</span> <span class='ocrx_word' id='word_1_82' title='bbox 764 1748 887 1789; x_wconf 83' lang='lat' dir='ltr'>quam</span> <span class='ocrx_word' id='word_1_83' title='bbox 924 1735 1014 1774; x_wconf 88' lang='lat' dir='ltr'>eius</span> <span class='ocrx_word' id='word_1_84' title='bbox 1052 1744 1194 1774; x_wconf 83' lang='lat' dir='ltr'>motus</span> <span class='ocrx_word' id='word_1_85' title='bbox 1233 1733 1399 1774; x_wconf 80' lang='lat' dir='ltr'>definiri</span> <span class='ocrx_word' id='word_1_86' title='bbox 1438 1744 1575 1788; x_wconf 86' lang='lat' dir='ltr'>queat.</span> <span class='ocrx_word' id='word_1_87' title='bbox 1660 1735 1744 1776; x_wconf 89' lang='lat' dir='ltr'>Hic</span> 
     </span>
     <span class='ocr_line' id='line_1_18' title="bbox 153 1798 1745 1851; baseline -0.001 -10"><span class='ocrx_word' id='word_1_88' title='bbox 153 1811 294 1841; x_wconf 87' lang='lat' dir='ltr'>autem</span> <span class='ocrx_word' id='word_1_89' title='bbox 330 1801 504 1851; x_wconf 61' lang='lat' dir='ltr'>affumo„</span> <span class='ocrx_word' id='word_1_90' title='bbox 542 1810 707 1840; x_wconf 88' lang='lat' dir='ltr'>motum</span> <span class='ocrx_word' id='word_1_91' title='bbox 744 1799 863 1839; x_wconf 87' lang='lat' dir='ltr'>istum</span> <span class='ocrx_word' id='word_1_92' title='bbox 899 1798 982 1839; x_wconf 87' lang='lat' dir='ltr'>fine</span> <span class='ocrx_word' id='word_1_93' title='bbox 1018 1799 1102 1839; x_wconf 73' lang='lat' dir='ltr'>vlla</span> <span class='ocrx_word' id='word_1_94' title='bbox 1138 1799 1331 1838; x_wconf 65' lang='lat' dir='ltr'>fric&#39;iione</span> <span class='ocrx_word' id='word_1_95' title='bbox 1368 1798 1499 1839; x_wconf 83' lang='lat' dir='ltr'>aliaue</span> <span class='ocrx_word' id='word_1_96' title='bbox 1524 1798 1745 1840; x_wconf 75' lang='lat' dir='ltr'>refistentfa</span> 
     </span>
     <span class='ocr_line' id='line_1_19' title="bbox 153 1862 1746 1918; baseline -0.001 -15"><span class='ocrx_word' id='word_1_97' title='bbox 153 1864 276 1917; x_wconf 87' lang='lat' dir='ltr'>super</span> <span class='ocrx_word' id='word_1_98' title='bbox 321 1866 447 1918; x_wconf 83' lang='lat' dir='ltr'>plano</span> <span class='ocrx_word' id='word_1_99' title='bbox 485 1863 740 1905; x_wconf 85' lang='lat' dir='ltr'>horizontali</span> <span class='ocrx_word' id='word_1_100' title='bbox 777 1864 917 1918; x_wconf 78' lang='lat' dir='ltr'>peragi</span> <span class='ocrx_word' id='word_1_101' title='bbox 954 1863 1091 1916; x_wconf 77' lang='lat' dir='ltr'>poffe5</span> <span class='ocrx_word' id='word_1_102' title='bbox 1144 1862 1383 1915; x_wconf 66' lang='lat' dir='ltr'>siquidem,</span> <span class='ocrx_word' id='word_1_103' title='bbox 1439 1862 1606 1903; x_wconf 68' lang='lat' dir='ltr'>admissa</span> <span class='ocrx_word' id='word_1_104' title='bbox 1644 1875 1746 1915; x_wconf 82' lang='lat' dir='ltr'>qua-</span> 
     </span>
     <span class='ocr_line' id='line_1_20' title="bbox 153 1926 1743 1981; baseline 0.001 -16"><span class='ocrx_word' id='word_1_105' title='bbox 153 1930 268 1980; x_wconf 82' lang='lat' dir='ltr'>piam</span> <span class='ocrx_word' id='word_1_106' title='bbox 317 1929 569 1981; x_wconf 79' lang='lat' dir='ltr'>refistentia,</span> <span class='ocrx_word' id='word_1_107' title='bbox 620 1939 761 1969; x_wconf 72' lang='lat' dir='ltr'>motus</span> <span class='ocrx_word' id='word_1_108' title='bbox 817 1928 1112 1968; x_wconf 81' lang='lat' dir='ltr'>determinatio</span> <span class='ocrx_word' id='word_1_109' title='bbox 1157 1927 1266 1967; x_wconf 83' lang='lat' dir='ltr'>vires</span> <span class='ocrx_word' id='word_1_110' title='bbox 1303 1926 1538 1978; x_wconf 82' lang='lat' dir='ltr'>Analyscos</span> <span class='ocrx_word' id='word_1_111' title='bbox 1575 1929 1743 1980; x_wconf 81' lang='lat' dir='ltr'>penitus</span> 
     </span>
     <span class='ocr_line' id='line_1_21' title="bbox 156 1990 1745 2045; baseline -0.001 -14"><span class='ocrx_word' id='word_1_112' title='bbox 156 1990 255 2031; x_wconf 59' lang='lat' dir='ltr'>esset</span> <span class='ocrx_word' id='word_1_113' title='bbox 290 1990 540 2044; x_wconf 72' lang='lat' dir='ltr'>superatura,</span> <span class='ocrx_word' id='word_1_114' title='bbox 577 1993 940 2045; x_wconf 83' lang='lat' dir='ltr'>quemadmodum</span> <span class='ocrx_word' id='word_1_115' title='bbox 976 1991 1238 2043; x_wconf 84' lang='lat' dir='ltr'>exsequenti</span> <span class='ocrx_word' id='word_1_116' title='bbox 1261 1990 1486 2041; x_wconf 61' lang='lat' dir='ltr'>solutione,</span> <span class='ocrx_word' id='word_1_117' title='bbox 1526 2005 1604 2045; x_wconf 85' lang='lat' dir='ltr'>qua</span> <span class='ocrx_word' id='word_1_118' title='bbox 1625 2004 1745 2031; x_wconf 82' lang='lat' dir='ltr'>nieu-</span> 
     </span>
     <span class='ocr_line' id='line_1_22' title="bbox 155 2052 1743 2110; baseline 0.003 -18"><span class='ocrx_word' id='word_1_119' title='bbox 155 2063 241 2093; x_wconf 86' lang='lat' dir='ltr'>tem</span> <span class='ocrx_word' id='word_1_120' title='bbox 279 2054 328 2094; x_wconf 88' lang='lat' dir='ltr'>ab</span> <span class='ocrx_word' id='word_1_121' title='bbox 364 2058 479 2096; x_wconf 89' lang='lat' dir='ltr'>omni</span> <span class='ocrx_word' id='word_1_122' title='bbox 515 2052 655 2097; x_wconf 84' lang='lat' dir='ltr'>motus</span> <span class='ocrx_word' id='word_1_123' title='bbox 692 2058 999 2110; x_wconf 85' lang='lat' dir='ltr'>impedimento</span> <span class='ocrx_word' id='word_1_124' title='bbox 1036 2056 1335 2104; x_wconf 69' lang='lat' dir='ltr'>abstrahimus,</span> <span class='ocrx_word' id='word_1_125' title='bbox 1382 2054 1501 2095; x_wconf 84' lang='lat' dir='ltr'>facile</span> <span class='ocrx_word' id='word_1_126' title='bbox 1540 2055 1743 2108; x_wconf 79' lang='lat' dir='ltr'>colligere</span> 
     </span>
    </p>
   </div>
   <div class='ocr_carea' id='block_1_11' title="bbox 155 2117 1746 2221">
    <p class='ocr_par' dir='ltr' id='par_1_11' title="bbox 155 2117 1746 2221">
     <span class='ocr_line' id='line_1_23' title="bbox 157 2117 1746 2175; baseline 0.004 -20"><span class='ocrx_word' id='word_1_127' title='bbox 157 2117 335 2169; x_wconf 79' lang='lat' dir='ltr'>licebit,</span> <span class='ocrx_word' id='word_1_128' title='bbox 377 2129 600 2174; x_wconf 86' lang='lat' dir='ltr'>propterea</span> <span class='ocrx_word' id='word_1_129' title='bbox 636 2121 753 2175; x_wconf 90' lang='lat' dir='ltr'>qu&#39;od</span> <span class='ocrx_word' id='word_1_130' title='bbox 790 2134 838 2162; x_wconf 89' lang='lat' dir='ltr'>ea</span> <span class='ocrx_word' id='word_1_131' title='bbox 873 2122 954 2162; x_wconf 77' lang='lat' dir='ltr'>iam</span> <span class='ocrx_word' id='word_1_132' title='bbox 994 2120 1178 2161; x_wconf 80' lang='lat' dir='ltr'>calculos</span> <span class='ocrx_word' id='word_1_133' title='bbox 1214 2120 1400 2161; x_wconf 71' lang='lat' dir='ltr'>maxime</span> <span class='ocrx_word' id='word_1_134' title='bbox 1437 2119 1630 2160; x_wconf 81' lang='lat' dir='ltr'>difficiles</span> <span class='ocrx_word' id='word_1_135' title='bbox 1663 2125 1746 2174; x_wconf 53' lang='lat' dir='ltr'>&#39;po‘-</span> 
     </span>
     <span class='ocr_line' id='line_1_24' title="bbox 155 2181 287 2221; baseline -0.008 0"><span class='ocrx_word' id='word_1_136' title='bbox 155 2181 287 2221; x_wconf 68' lang='lat' dir='ltr'>stul-at.</span> 
     </span>
    </p>
   </div>
   <div class='ocr_carea' id='block_1_12' title="bbox 906 2278 1740 2330">
    <p class='ocr_par' dir='ltr' id='par_1_12' title="bbox 906 2278 1740 2330">
     <span class='ocr_line' id='line_1_25' title="bbox 906 2278 1740 2330; baseline -0.004 -10"><span class='ocrx_word' id='word_1_137' title='bbox 906 2279 1011 2329; x_wconf 83' lang='lat' dir='ltr'>T3</span> <span class='ocrx_word' id='word_1_138' title='bbox 1628 2278 1740 2330; x_wconf 57' lang='lat' dir='ltr'>§.m</span> 
     </span>
    </p>
   </div>
   <div class='ocr_carea' id='block_1_13' title="bbox 1760 1457 1911 1492">
    <p class='ocr_par' dir='ltr' id='par_1_13' title="bbox 1760 1457 1911 1492">
     <span class='ocr_line' id='line_1_26' title="bbox 1760 1457 1911 1492; baseline 0.013 -2"><span class='ocrx_word' id='word_1_139' title='bbox 1760 1457 1795 1490; x_wconf 84' lang='lat' dir='ltr'>T</span> <span class='ocrx_word' id='word_1_140' title='bbox 1797 1457 1845 1491; x_wconf 81' lang='lat' dir='ltr'>ab.</span> <span class='ocrx_word' id='word_1_141' title='bbox 1871 1457 1911 1492; x_wconf 87' lang='lat'>11.</span> 
     </span>
    </p>
   </div>
   <div class='ocr_carea' id='block_1_14' title="bbox 1773 1509 1903 1556">
    <p class='ocr_par' dir='ltr' id='par_1_14' title="bbox 1773 1509 1903 1556">
     <span class='ocr_line' id='line_1_27' title="bbox 1773 1509 1903 1556; baseline -0.015 -14"><span class='ocrx_word' id='word_1_142' title='bbox 1773 1509 1842 1556; x_wconf 74' lang='lat' dir='ltr'>fig.</span> <span class='ocrx_word' id='word_1_143' title='bbox 1872 1518 1903 1540; x_wconf 89' lang='lat'>1.</span> 
     </span>
    </p>
   </div>
  </div>
 </body>
</html>
