2003 2700
818 165 976 194 Ε
1007 151 1165 209 (260)
1303 164 1313 168 Α

284 282 415 319 nam,
451 266 653 322 dispersa,
691 267 931 323 frequentia
966 269 1178 325 imprimis
1215 269 1258 311 in
1293 269 1463 312 sedibus
1499 263 1569 321 iis,-
1600 271 1673 312 vbi
1706 273 1899 315 exterius

289 334 483 389 planities
505 362 518 384 ,
554 344 623 374 aut
657 346 777 375 areae
813 334 959 388 planae
980 364 995 387 ,
1044 344 1340 389 apparuerant.
1412 335 1631 390 Triginta
1655 339 1755 378 odio
1790 338 1903 378 eius-

290 399 412 439 modi
457 397 626 439 frustula
661 398 770 441 oss‘ea
808 398 974 453 sparsim
1009 400 1050 440 in
1087 400 1281 441 vniuersa
1316 410 1458 442 nortae
1495 400 1719 443 morbosae
1757 401 1901 457 super-

291 463 386 503 ficie
423 464 586 504 interna
625 465 876 511 numeraui;
933 477 1122 518 quorum
1159 477 1318 516 vnum,
1371 465 1412 504 in
1458 465 1585 506 tertio
1623 465 1799 506 haerens
1837 477 1904 506 tu·

289 540 412 568 more
436 556 449 579 ,
493 527 701 582 pollicem
738 528 1010 582 longitudine
1033 558 1046 580 ,
1101 529 1323 569 latitudine
1360 529 1616 581 dimidium,
1652 529 1903 584 superabat;

288 593 470 646 septem,
506 603 577 633 aut
611 593 881 646 longitudine
902 621 916 644 ,
961 604 1032 636 aut
1066 593 1331 635 dimensione
1368 601 1581 648 vti-aque,
1610 594 1802 636 dimidio
1837 599 1907 636 ae(-

292 657 465 711 qualia,
502 667 665 698 caetera
702 658 831 711 paulo
868 658 1031 699 minora
1055 687 1067 710 ,
1103 669 1237 699 erant.
1307 658 1463 711 Figura
1499 659 1798 712 {inguim-um,
1842 657 1901 699 vti

288 720 456 773 succuS,
490 722 600 761 inter
635 721 738 762 duas
778 721 1044 763 membranas
1073 723 1298 776 contiguas
1319 721 1493 772 effusus,
1530 722 1775 763 ott'escendo
1811 722 1902 762 fieri

289 785 452 840 potest,
488 785 636 839 plana,
672 787 837 833 tenuis,
877 786 1139 836 marginibus
1175 786 1337 832 acutis,
1383 793 1423 824 at
1457 786 1822 838 eircumoerenria,
1858 786 1907 828 ii*

291 859 363 890 cut
398 849 651 901 magnitudo
690 846 877 897 diuersa,
914 846 1085 900 prorsus
1123 845 1401 899 irregularis,
1453 847 1689 900 interrupta
1708 855 1809 897 ,-³et¹
1835 855 1907 890 va-

289 913 348 953 ria
386 909 478 952 fuit.
550 910 694 966 Quare
730 920 790 962 et,
825 911 997 951 succum
1035 910 1154 962 huc,
1205 910 1278 964 qui
1315 909 1357 949 in
1384 909 1550 950 -oss‘eam
1585 910 1738 952 abierit
1774 917 1907 952 mare*-

287 977 412 1031 riam,
447 985 616 1031 praeter
653 984 843 1017 naturam
880 975 1069 1016 delatum
1105 974 1212 1028 effe,
1248 974 1416 1016 nullum
1452 974 1578 1029 plane
1615 976 1796 1017 dubium
1831 975 1903 1017 est.

484 1104 617 1147 Sedes
655 1105 801 1146 natiua·
832 1104 1107 1146 frustulorum
1153 1103 1367 1145 offeorum
1405 1104 1516 1144 inter
1557 1103 1766 1146 internam
1803 1115 1906 1158 pro-

287 1170 514 1225 priamque
549 1170 720 1211 craffam
757 1170 934 1211 arteriae
971 1170 1159 1210 tunicam
1197 1167 1308 1217 fuit3
1360 1169 1472 1210 vnde
1510 1168 1690 1222 figuram
1729 1180 1905 1222 quoque

288 1235 364 1276 illa
386 1262 399 1287 ,
438 1247 564 1290 quam
603 1233 796 1289 descripsi
819 1264 832 1287 ,
868 1235 1037 1289 planam
1075 1244 1246 1274 tenuem
1269 1262 1283 1285 ,
1319 1234 1622 1287 marginesque
1660 1244 1807 1274 acutos
1847 1232 1907 1273 se-

289 1309 460 1351 cantes,
514 1300 643 1341 naeia.
729 1299 801 1342 Sic
836 1299 1067 1352 plurimam
1104 1307 1268 1352 partem
1305 1309 1480 1352 quoque
1517 1309 1668 1338 eornm
1691 1326 1705 1348 ,
1756 1297 1907 1350 impri-

287 1365 370 1404 mis
407 1365 608 1415 minora,
660 1373 733 1404 aut
776 1375 884 1418 quae
931 1364 1125 1403 nondum
1170 1361 1341 1415 prorsus
1378 1362 1603 1409 indurata,
1641 1372 1713 1402 aut
1748 1361 1906 1402 nucleo

290 1428 465 1481 quidem
512 1428 704 1469 instructa
748 1428 899 1478 oss'eo,
952 1426 1182 1467 ambitibus
1227 1436 1370 1466 tamen
1408 1425 1684 1466 mollioribus
1720 1427 1906 1466 circum·

289 1493 385 1534 data
428 1503 570 1544 erant,
622 1493 829 1546 applicata
873 1491 1050 1532 interius
1096 1499 1140 1530 et
1183 1489 1474 1529 incumbentia
1517 1490 1684 1530 tunicae
1721 1491 1905 1542 crass-R,

288 1558 452 1599 interna
489 1558 603 1598 tenui
641 1558 840 1607 obdudia,
876 1556 1036 1596 inueni.
1106 1554 1275 1596 Verum
1307 1566 1412 1607 quae
1450 1553 1610 1595 ambitu
1648 1555 1778 1607 paulo
1813 1565 1903 1596 ma-

288 1623 404 1674 iori,
444 1636 550 1677 quae
588 1622 742 1662 osseam
780 1621 948 1675 prorsus
986 1630 1177 1661 naturam
1217 1617 1473 1669 induerant,
1513 1631 1618 1672 quac
1656 1628 1700 1658 et
1734 1619 1776 1659 in
1814 1631 1905 1659 me-

290 1688 357 1728 dia
392 1698 509 1740 parte
547 1687 735 1727 cratiiora
775 1685 994 1739 paululum
1017 1712 1030 1734 ,
1068 1682 1331 1735 marginibus
1368 1684 1500 1723 atritis
1538 1681 1761 1734 instructa,
1798 1684 1901 1724 haec

288 1752 362 1791 vix
400 1765 485 1791 non
523 1754 700 1800 omnia,
752 1751 913 1789 interna
951 1747 1200 1787 membrana
1236 1747 1388 1798 incisa,
1424 1758 1651 1801 perrupta,
1706 1756 1903 1788 contrac-

290 1817 407 1856 tione
446 1817 619 1856 arteriae
656 1827 708 1854 cx
747 1813 914 1853 sedibus
951 1812 1031 1852 suis
1070 1813 1222 1852 natiuis
1260 1822 1496 1865 promota,
1543 1811 1772 1852 maximam
1808 1825 1904 1865 par-

291 1890 375 1920 tem
416 1881 560 1931 nuda,
613 1880 653 1919 in
700 1879 924 1918 cauitatem
968 1878 1143 1917 arteriae
1187 1876 1456 1917 acuminibus
1493 1876 1572 1916 suis
1610 1875 1788 1929 oblique
1825 1887 1902 1917 ex-

290 1945 411 1994 serta,
449 1943 764 1999 prominebant.
834 1942 933 1982 Hoc
969 1942 1076 1982 adeo
1113 1955 1248 1996 vsque
1287 1940 1466 1990 facium,
1502 1950 1545 1980 vt
1582 1940 1624 1979 in
1662 1940 1732 1980 illa
1768 1952 1902 1994 angu-

291 2010 412 2050 stiore
450 2021 564 2063 parte
602 2008 812 2057 arteriae,
861 2019 967 2060 quae
1005 2007 1195 2046 medium
1235 2007 1344 2045 inter
1379 2015 1422 2044 ct
1457 2004 1718 2058 postremum
1757 2014 1902 2046 tumo-

289 2087 380 2114 rem
421 2073 744 2123 intercedebat,
798 2072 836 2111 iu
876 2084 958 2125 qua
994 2074 1179 2112 maxima
1224 2069 1292 2110 illa
1341 2070 1461 2110 frusta
1497 2069 1799 2109 concumulata
1835 2082 1902 2110 re·

291 2138 620 2190 condebantur,
663 2137 907 2190 oppositum
947 2134 1033 2176 sere
1070 2135 1246 2175 arteriae
1285 2134 1488 2188 parictem
1526 2134 1636 2174 nuda
1673 2133 1778 2174 haec
1814 2134 1906 2174 offa·

292 2205 593 2252 contingerent
616 2233 626 2250 ,
682 2202 966 2255 arteriamque
1005 2201 1139 2240 modo
1176 2213 1260 2239 nou
1298 2200 1557 2240 clauderent.
1627 2198 1690 2239 Vt
1726 2195 1897 2253 prorsus

291 2268 496 2310 mirabilis
532 2269 716 2322 aspec‘tus
753 2267 876 2318 ess'et,
910 2266 1127 2321 repletam
1153 2265 1306 2308 ollibus
1343 2264 1488 2306 videre
1524 2272 1702 2306 aortam.
1846 2325 1865 2367 ι

1870 2339 1894 2366 n
