2003 2700
226 225 287 266 ,μ
753 200 1294 251 HISTOIRE.

229 311 610 376 contaminantur,
664 323 919 366 contrahere
956 323 1087 372 solet;
1146 324 1264 379 quod
1299 337 1397 366 cum
1433 324 1475 366 in
1512 325 1836 381 praeparatione

225 396 355 438 huius
393 394 517 443 acidi,
554 391 674 432 cuius
710 387 993 443 perfrequens
1027 388 1123 430 vsus
1160 389 1234 439 est,
1274 403 1399 444 quam
1437 391 1665 432 maximam
1691 390 1838 432 afferat

224 458 498 509 molestiam,
533 456 711 509 eiusque
749 453 935 508 pretium
972 451 1084 494 haud
1124 454 1400 495 mediocriter
1434 464 1611 509 augeat3
1657 468 1738 508 qua
1773 467 1840 495 ra-

223 524 342 566 tione
389 523 474 564 hoc
516 519 849 561 incommodum
884 518 1018 558 averti
1055 517 1209 571 poffit,
1265 517 1467 571 detegere
1503 518 1612 559 mihi
1647 518 1839 560 summo-

221 601 324 644 pere
359 587 403 627 in
438 585 553 626 votis
591 583 687 625 fuit.
757 582 1055 636 Empyreuma
1093 592 1136 622 et
1174 580 1311 622 fuscus
1349 582 1474 623 color
1508 581 1637 623 Acidi
1669 580 1838 624 Tartari

220 651 434 695 ordinaria
469 648 682 692 methodo
719 647 985 702 praeparati,
1021 647 1118 701 qnia
1153 660 1174 688 a
1212 645 1414 688 facillima
1449 646 1542 688 eius
1578 646 1842 688 destructibi-

221 716 339 758 litate
377 729 452 770 per
489 713 746 756 lenissimum
781 712 911 753 etiam
947 711 1101 752 caloris
1138 712 1317 765 gradum
1341 741 1354 764 ,
1409 711 1477 752 cui
1519 711 1835 766 euaporationis

220 781 355 823 caussa
390 780 552 833 exponi
589 777 752 827 debet,
787 776 992 830 prouenit
1029 789 1107 816 nec
1146 775 1219 816 nisi
1255 789 1276 816 a
1313 776 1531 831 particulis
1567 775 1834 830 plilogisticis

217 859 241 888 e
281 843 489 887 destructo
533 856 610 898 per
665 841 857 882 calorem
893 841 1017 882 acido
1054 840 1243 882 liberatis
1281 850 1323 881 ct
1358 841 1576 894 liquorem
1612 841 1839 894 inquinan-

215 910 330 951 tibus
376 910 535 950 oritur:
596 904 836 947 existimaui
882 916 1003 957 ego,
1056 903 1084 942 fi
1123 916 1204 956 qua
1239 904 1364 944 detur
1399 905 1671 944 incommodi
1708 904 1836 945 huius

217 973 402 1015 tollendi
438 972 581 1022 ratio,
618 981 713 1011 eam
750 980 836 1008 non
875 967 963 1008 dari
1002 966 1075 1007 nisi
1113 967 1327 1008 mediante
1363 968 1580 1008 eiusmodi
1617 980 1837 1022 corpore,
1892 976 1899 983 ’

214 1037 335 1093 quod
374 1049 460 1077 non
480 1034 631 1076 *modo
667 1030 931 1088 phlogiston>
954 1030 1164 1072 attrahere
1201 1030 1341 1084 poilit,
1377 1029 1448 1072 fed
1477 1031 1571 1086 ipsis
1601 1032 1729 1072 etiam
1754 1031 1834 1072 suis

213 1101 531 1158 partibus'non
568 1097 834 1139 contaminet
868 1095 1061 1137 Acidum
1099 1094 1294 1147 Tartari,
1333 1094 1377 1136 id
1413 1095 1492 1148 est,
1529 1108 1627 1136 curn
1664 1109 1720 1144 eo,
1756 1096 1837 1136 mi·

218 1166 364 1208 scibile
410 1165 479 1206 vel
527 1162 708 1204 solubile
756 1174 843 1202 non
887 1160 959 1208 s1t‚·
1015 1160 1128 1200 vnde
1175 1173 1281 1200 vero
1335 1159 1417 1200 tale
1455 1172 1612 1213 corpus
1649 1159 1836 1200 obtineri

221 1228 379 1285 queat?
433 1229 540 1269 mihi
577 1227 754 1268 minime
792 1225 986 1280 patebat;
1041 1237 1139 1265 nam
1177 1236 1460 1278 quaecunque
1498 1234 1588 1264 tum
1627 1223 1837 1277 temporis

215 1296 499 1338 innotuerunt
542 1291 791 1343 substantiae
836 1288 1086 1344 phlogiston
1132 1288 1369 1329 attrahendi
1409 1288 1608 1329 facultate
1646 1289 1836 1342 gauden-

220 1371 301 1411 tes,
336 1358 472 1400 veluti
511 1356 682 1397 acidum
719 1354 816 1395 nitri
852 1363 895 1394 et
930 1352 1140 1406 magncfia
1176 1353 1319 1406 nigra;
1356 1365 1430 1393 cae
1467 1365 1618 1393 omnes
1648 1353 1840 1393 eiusmo-

220 1425 265 1469 di
302 1432 417 1464 certe
455 1431 627 1463 naturae
665 1419 788 1471 funt,
834 1428 916 1470 vt,
963 1430 1107 1459 earum
1143 1417 1401 1458 intermedio
1439 1417 1629 1458 Acidum
1667 1416 1839 1458 Tartari

222 1488 494 1542 inquinatum
532 1486 601 1536 iri,
638 1484 820 1525 dubitari
851 1496 936 1525 non
961 1482 1119 1529 liceat;
1157 1481 1437 1535 quamobrem
1459 1481 1511 1522 ad
1534 1481 1837 1523 inucnicndam

222 1553 438 1609 quandam
481 1550 749 1592 substantiam
795 1548 925 1602 scopo
968 1560 1067 1588 meo
1105 1547 1303 1588 idoneam
1340 1558 1491 1586 omnes
1531 1558 1650 1587 curas
1687 1554 1728 1585 ct
1764 1558 1839 1587 co·

218 1618 448 1673 gitationcs
487 1614 672 1666 contuli,
704 1627 786 1668 qua
823 1613 993 1654 tandem
1031 1611 1159 1665 potiri
1198 1610 1381 1652 feliciter
1416 1610 1523 1651 mihi
1560 1623 1672 1652 anuo
1716 1619 1831 1662 1785

219 1682 418 1735 contigit.
472 1679 716 1733 'Postquam
754 1678 914 1719 scilicet
950 1676 1178 1730 multiplici
1217 1675 1362 1717 labore
1401 1688 1594 1725 omnem,
1630 1684 1675 1714 vt
1707 1674 1838 1727 aiunt,

218 1747 407 1801 lapidem
445 1745 486 1786 in
522 1745 606 1786 hoc
646 1743 825 1797 negotio
862 1743 944 1784 iam
982 1741 1227 1782 moniisem:
1267 1740 1472 1781 notitiima
1504 1740 1577 1781 illa
1597 1738 1835 1780 carbonum

223 1812 401 1866 qualitas
424 1840 437 1862 ,
474 1823 580 1863 qua,
616 1809 721 1851 dum
756 1807 798 1848 in
835 1806 937 1847 valis
975 1805 1121 1847 clausis
1160 1806 1259 1859 igne
1295 1806 1424 1846 etiam
1464 1802 1835 1846 veliementiffimo

222 1886 464 1930 ae‘rgcntur,
501 1873 722 1928 proprium
761 1872 878 1912 suum
915 1871 1160 1925 plilogillon
1199 1871 1402 1924 pertinaci
1440 1870 1480 1909 vi
1520 1872 1708 1919 retinent,
1743 1867 1838 1920 opi-

224 1941 313 1983 nari
353 1953 419 1980 me
459 1940 584 1988 fecit,
622 1938 713 1978 fieri
752 1936 889 1978 [οι-[ειη
927 1938 1068 1988 polle,
1107 1945 1176 1985 vt,
1215 1935 1284 1988 qui
1322 1934 1566 1988 plilogiston
1592 1932 1710 1987 suum
1747 1933 1840 1972 reti-

226 2005 340 2046 nendi
375 2014 486 2045 tanta
524 2005 561 2043 xi
601 2002 810 2056 polleant,
846 2000 1071 2048 carbones,
1110 2000 1239 2040 iidem
1277 1997 1521 2052 plilogisson
1559 1997 1721 2037 ultcrms
1751 2007 1838 2036 cor-

224 2072 368 2125 poris,
407 2070 506 2108 dum
546 2069 628 2108 hoc
668 2069 716 2106 iis
753 2066 933 2107 obuium
971 2076 1012 2105 ct
1049 2064 1195 2105 alicnis
1233 2063 1413 2103 vinculis
1451 2062 1705 2103 extricatum
1743 2060 1841 2101 silli-

229 2146 315 2183 tur,
352 2131 578 2172 alfrahcndi
613 2142 655 2172 ct
692 2132 731 2171 in
770 2130 806 2171 se
845 2130 1056 2182 recipiendi
1087 2128 1284 2171 facultate
1308 2127 1381 2168 sint
1405 2127 1618 2167 instructi?
1654 2126 1696 2166 id
1721 2125 1839 2178 quod

230 2212 378 2240 rer-era
426 2198 478 2237 ita
528 2197 565 2236 i'c
614 2196 805 2244 habere,
862 2195 1039 2234 instituta
1088 2206 1190 2234 nox
1228 2192 1516 2245 experimenta
1555 2201 1671 2231 extra
1709 2201 1837 2230 omne

233 2263 410 2302 dubium
451 2261 706 2313 posuerunt5
745 2271 870 2311 atque
909 2260 962 2298 ica
1001 2266 1169 2298 tandem
1207 2257 1323 2297 illam
1363 2266 1583 2308 tantopere
1621 2269 1641 2295 a
1671 2267 1738 2294 me
1758 2266 1838 2305 op-

231 2336 360 2369 tatam
415 2325 679 2367 substantiam
724 2326 765 2366 in
814 2322 998 2376 carbone
1041 2323 1218 2375 inueni,
1273 2321 1434 2376 duplici
1470 2320 1542 2362 illa
1577 2318 1837 2374 proprietate

1738 2395 1841 2436 gau-
