2003 2700
795 179 949 205 ===
981 161 1137 220 (226)
1168 180 1322 204 —

258 277 440 322 bafilaris
486 285 577 320 tote
619 276 671 320 ad
713 275 914 319 venosam
961 277 1182 331 pertineat.
1248 276 1547 320 Transuetfim
1581 284 1686 332 ergo
1729 278 1859 321 fibrae

258 344 448 385 bafilares
485 342 609 397 super
643 342 845 384 venosam
879 351 1071 395 partem,
1108 351 1315 396 quatenus
1352 354 1443 383 eam
1481 353 1655 396 tegunt,
1698 345 1862 398 produ·

258 409 369 459 ctae,
423 406 692 449 transuerfim
725 407 934 457 eandem,
977 407 1312 460 portionemque
1348 407 1438 447 eius
1474 406 1516 446 in
1552 406 1690 460 specie
1716 408 1862 462 <poste-

257 473 443 525 riorem,
494 473 783 526 propinquam
819 469 1016 518 orificio,
1060 471 1217 524 pariter
1252 483 1297 511 ac
1335 470 1447 511 snam
1481 481 1703 523 caeterae,
1739 471 1862 526 supe-

254 537 415 577 riorem
456 534 794 589 inferioremque
838 533 1103 588 superficiem
1149 534 1375 576 ventriculi
1419 544 1639 588 tegentes,
1691 545 1863 576 contra-

254 601 377 642 hunt.
463 598 765 654 Constringere
800 599 914 640 enim
951 600 1090 640 minus
1127 600 1254 640 etiam
1293 598 1509 649 bafilarcs,
1565 612 1691 654 quam
1728 611 1862 653 angu-

253 665 361 707 lares
398 672 440 705 et
474 665 686 707 ventrales
729 663 860 704 fibrae
903 663 987 704 dici
1032 664 1234 718 possunt,
1289 675 1386 704 cum
1433 662 1564 703 solam
1599 665 1864 704 anteriorem

253 728 435 771 venofite
468 729 599 782 partis
636 727 903 782 superficiem
939 738 1182 782 occupent,
1232 726 1512 781 posteriorem
1551 740 1636 767 non
1673 736 1862 780 tangant.

253 793 447 834 Maxime
484 806 587 832 vero
626 792 738 831 suam
760 819 774 840 ,
829 802 955 842 quam
992 800 1177 841 tegunt,
1227 790 1356 840 partis
1391 789 1574 830 venosae
1609 792 1863 843 portionem

254 857 397 897 versus
433 853 674 895 arteriosam
712 861 902 905 partem,
938 862 1098 890 conum
1134 849 1294 889 scilicet
1330 851 1606 901 arteriosum,
1640 863 1682 892 et
1715 853 1858 893 versus

253 920 386 974 ipsam
431 918 626 958 arteriam
670 916 966 970 pulmonalem
1012 913 1203 955 bafilares
1247 912 1376 954 fibrae
1413 913 1642 954 adducunt.
1711 915 1860 968 thue

255 981 474 1036 angulares
519 991 560 1022 et
603 980 814 1021 ventrales
862 978 1098 1032 marginem
1143 977 1355 1032 imprimis
1400 979 1862 1020 ventriculi‚.antcrio-

255 1059 374 1098 rem,
419 1045 594 1087 caeteris
642 1044 809 1086 sedibus
855 1042 1158 1093 mobiliorem,
1202 1042 1253 1083 ad
1300 1050 1464 1096 partem
1509 1041 1870 1096 infundibulifor-⁴

254 1124 369 1153 mem
407 1122 654 1163 conumque
690 1107 967 1158 artcriosum,
1003 1116 1046 1147 et
1079 1106 1222 1147 versus
1258 1105 1452 1146 arteriam
1489 1106 1782 1160 pulmonalem
1818 1106 1861 1148 iu

254 1175 460 1229 superiori
497 1173 723 1215 ventriculi
759 1171 980 1226 superficie
1024 1170 1275 1218 adducunt5
1328 1169 1532 1224 angulum
1575 1180 1723 1211 contra
1758 1183 1863 1211 ven·

254 1241 397 1281 triculi
431 1238 651 1289 bafilares,
689 1236 759 1292 qui
797 1236 953 1290 pariter
989 1236 1164 1276 caeteris
1203 1233 1382 1276 basilaris
1419 1232 1546 1288 partis
1570 1233 1736 1274 sedibus
1767 1247 1864 1275 mo-

257 1305 385 1345 bilior
419 1303 499 1354 est,
550 1302 601 1343 ad
647 1313 807 1342 conum
850 1298 1099 1340 arteriosum
1145 1299 1428 1350 artcl'l'amquc
1470 1297 1764 1350 pulmonalcm
1801 1298 1866 1353 ip-

259 1368 343 1409 sam
380 1369 422 1408 in
459 1366 645 1416 bafilari,
680 1364 749 1405 feu
785 1363 1008 1417 posteriori
1046 1362 1145 1404 coni
1181 1360 1368 1402 arteriosi
1403 1370 1446 1401 et
1481 1361 1654 1403 arteriae
1690 1362 1865 1418 pulmo-

259 1434 392 1486 nalis,
428 1429 648 1486 superficie
684 1428 911 1469 attrahunt.

519 1555 736 1599 Coniunc‘la
767 1554 962 1607 fibrarum
997 1554 1250 1608 angularium
1296 1552 1533 1594 vemt-alium
1568 1561 1605 1594 ct

867 1619 1095 1675 hofilarium
1129 1618 1247 1658 allio.

454 1686 522 1729 Sic
558 1686 687 1727 fibrae
724 1698 828 1739 ergo
865 1693 1042 1735 omnes,
1078 1694 1184 1736 quae
1221 1690 1384 1735 partem
1411 1680 1614 1723 venos-‚im
1635 1680 1862 1723 ventriculi

263 1752 305 1794 in
344 1751 489 1792 medio
525 1751 649 1791 strato
687 1757 925 1802 occupant,
970 1747 1190 1800 angulares
1229 1759 1408 1800 nempe,
1459 1746 1693 1798 ventralcs,
1729 1744 1862 1800 ipsae·

263 1828 345 1870 qne
385 1816 572 1870 regionis
609 1814 737 1868 apicis
782 1811 911 1852 fibrae
949 1821 991 1850 et
1028 1810 1154 1850 fibrae
1201 1810 1385 1864 denique
1432 1808 1647 1861 bafilarcs,
1701 1809 1861 1863 duplici

264 1881 428 1922 actione
467 1879 713 1933 funguntur.
783 1874 1057 1917 Contrahunt
1092 1883 1251 1928 partem
1290 1872 1518 1923 venofiim,
1569 1883 1612 1912 et
1648 1869 1864 1913 adducunt

265 1945 445 1987 eandem
490 1945 599 1985 recia
643 1943 692 1983 ad
738 1950 899 1995 partem
941 1939 1197 1979 arteriosam.
1282 1937 1500 1978 Nimirum
1537 1937 1576 1976 in
1615 1937 1762 1977 eadem
1802 1937 1866 1977 di-

265 2011 452 2050 rectione
490 2022 582 2049 eam
620 2007 860 2055 adducunt,
897 2016 976 2058 qua
1015 2003 1096 2056 ipsa
1123 2013 1162 2043 ct
1199 2015 1273 2055 per
1302 2000 1541 2042 arteriofiun
1578 2011 1741 2055 partem
1779 1999 1868 2041 san-

267 2074 361 2127 guis
399 2073 511 2113 vltro
551 2081 774 2121 mouetur,
828 2068 1119 2122 pulmonalem
1157 2067 1382 2106 intraturus
1428 2065 1649 2114 arteriam,
1703 2075 1745 2105 et
1784 2078 1865 2118 qua

269 2149 402 2192 porro
441 2137 511 2176 ille
550 2136 703 2176 deinde
749 2147 824 2187 per
868 2146 959 2172 cam
1006 2132 1199 2171 arteriam
1239 2143 1409 2183 quoque
1448 2129 1734 2183 progreditur.
1805 2128 1867 2168 Vt

271 2202 420 2243 cadem
459 2201 620 2241 ac'tione
658 2212 786 2251 erga,
840 2198 1074 2249 cademque
1112 2196 1178 2243 vi,
1234 2209 1312 2245 qnzi
1358 2206 1517 2247 partem
1564 2193 1691 2234 fibrae
1735 2205 1868 2233 veno·

272 2265 358 2307 sam
403 2267 454 2307 ad
499 2263 739 2306 arteriosam
789 2263 1037 2316 adducunt,
1091 2260 1420 2314 sanguinemque
1471 2258 1686 2315 proinde,
1742 2268 1867 2311 quam

1767 2328 1871 2361 con·
