2003 2700
645 212 1181 265 HISTOI'RE.
1649 229 1708 287 53

307 336 343 390 ᾗ.
385 338 455 375 16.
521 334 800 389 Denique'et
833 334 910 385 id,
965 334 1082 386 quod
1123 331 1294 385 reperi,
1345 340 1491 373 notatu
1529 331 1706 384 dignum

115 401 200 452 est,
252 400 490 451 carbones,
542 401 614 454 qui
655 412 731 453 per
775 397 1098 451 depurationem
1142 397 1250 435 acidi
1295 398 1433 437 tartari
1476 397 1532 436 ita
1574 396 1703 447 phlo-

113 465 218 519 gisto
253 465 337 506 iam
372 463 536 505 saturati
572 462 695 513 sunt,
732 472 779 502 vt
813 462 911 502 huic
947 460 1020 515 fini
1056 458 1257 499 inseruire
1293 459 1377 497 iam
1412 473 1497 500 non
1535 459 1704 512 poffint‚

114 541 363 583 recuperare
401 527 513 568 suam
549 525 956 580 dephlogistificandi
993 523 1256 573 facultatem,
1288 521 1317 561 fi
1350 522 1394 562 in
1428 524 1529 563 vasis
1557 523 1703 564 claufis

116 607 191 648 per
226 591 400 646 aliquod
436 600 604 645 tempus
638 591 775 644 probe
811 588 969 629 fuerint
1003 586 1248 629 candefaeci.

307 686 344 740 ξ.
385 699 455 740 17.
526 684 669 728 Carbo
703 684 893 726 animalis
929 683 1112 736 eadem,
1150 696 1231 737 qua
1265 681 1542 736 vegetabilis,
1576 682 1705 735 phlo-

118 749 251 804 giston
294 750 538 791 resorbendi
583 749 781 792 facultate
826 748 995 802 pollet;
1047 748 1090 788 id
1128 747 1244 801 quod
1279 746 1582 799 experimentis
1620 756 1707 786 tam

118 828 215 854 cum
263 816 550 866 cornucerui,
607 814 721 868 quod
766 814 858 868 post
903 812 1223 853 destillationem
1261 810 1345 851 olei
1381 820 1423 850 et
1458 809 1548 850 salis
1591 810 1704 850 illius

120 878 162 917 in
197 879 366 918 retortis
403 878 476 917 sub
512 878 746 918 carbonum
782 876 918 916 forma
953 884 1176 925 remanet,
1223 887 1345 928 quam
1384 887 1481 914 cum
1520 873 1705 914 carbone

120 954 175 982 ex
207 941 297 995 ipso
333 940 435 981 oleo
469 941 721 981 cornucerui
755 951 901 994 parato
936 939 1129 978 institutis
1151 966 1164 989 ‚
1201 948 1471 991 compertum
1507 937 1661 978 habeo.

311 1034 458 1087 Atque
493 1034 597 1074 haec
632 1035 759 1085 sunt,
797 1047 902 1088 quae
939 1034 991 1073 de
1028 1033 1112 1072 hoc
1147 1040 1399 1084 argumento
1434 1032 1477 1070 in
1514 1032 1706 1083 praesen-

118 1098 269 1138 tiarum
306 1096 374 1137 Ill.
411 1098 671 1139 Academiae
708 1098 923 1138 beneuolo
957 1096 1140 1137 examini
1179 1106 1220 1136 et
1255 1094 1415 1135 iudicio
1460 1094 1705 1134 submittere

120 1161 298 1201 sustineo
321 1189 334 1211 ‚
369 1170 410 1200 et
445 1174 541 1201 eum
579 1161 681 1202 haec
717 1163 923 1212 materia⁷
958 1161 1005 1201 ad
1044 1160 1264 1212 complura
1299 1160 1377 1198 alia
1415 1158 1577 1197 curiosa
1614 1167 1707 1197 ten-

120 1225 274 1264 tamina
325 1225 572 1264 instituenda
614 1227 722 1265 viam
772 1226 950 1265 sternere
996 1224 1148 1263 merito
1194 1222 1397 1262 censenda
1444 1220 1523 1270 fit,
1577 1222 1706 1262 etiam

116 1289 270 1342 plura,
308 1301 404 1328 cnm
441 1289 624 1341 primum
659 1289 765 1329 mihi
802 1287 850 1329 ab
887 1288 1034 1328 officii'
1062 1287 1277 1327 laboribus
1315 1287 1449 1325 otium
1487 1285 1590 1333 erit·²
1632 1298 1707 1338 pe-

117 1351 249 1392 ricula
295 1352 431 1392 facere
475 1353 638 1392 animus
674 1353 764 1406 est,
814 1365 948 1406 eaque
985 1351 1053 1392 111.
1087 1350 1344 1391 Academiae
1390 1348 1598 1389 offerendi
1633 1362 1707 1389 ve-

118 1416 230 1456 niam
265 1415 455 1458 submisse
491 1426 609 1471 peto.

913 2382 942 2423 g
976 2368 1010 2419 3'
1585 2363 1699 2405 ME-
