2003 2700
851 170 1006 223 (249)

147 289 370 332 minimum
404 295 630 338 vtrumque
667 283 882 336 aequasse,
933 282 1172 336 praebabile
1209 282 1276 322 est.
1347 281 1463 329 Haec
1509 290 1618 322 tanta
1653 295 1727 322 co-

142 354 210 408 pia
243 351 477 404 sanguinis,
521 362 596 390 cor
630 348 741 388 inter
774 346 951 399 vasaque
990 348 1147 386 maiora
1182 356 1223 384 et
1259 346 1538 399 peritur-dium
1576 346 1727 398 effusa,

125 415 236 456 -sane
271 414 450 468 implere
486 413 569 454 hoc
606 425 689 452 non
734 411 868 450 modo
890 438 902 459 ,
957 408 1024 448 sed
1059 409 1439 455 vltroextendere
1477 423 1648 464 qnoque
1687 411 1695 418 '

141 487 298 520 tantam
334 477 683 532 amplitudinem,
736 473 899 528 potnit,
940 485 1005 512 ⁴eo
1043 473 1200 525 magis,
1253 473 1368 526 qnod
1406 486 1480 513 cor
1516 473 1649 526 ipsum
1685 485 1728 515 et

141 553 290 592 aorta,
343 556 426 597 qua
468 550 583 594 parte
627 537 863 593 pericardio
907 536 1169 587 includitur,
1220 536 1386 577 insolita
1434 539 1725 591 magnitudine

140 605 390 659 gaudebant.
454 605 618 645 Verum
656 616 736 656 qua
770 601 811 641 vi
845 599 1048 654 impulsus
1084 599 1245 653 sanguis
1283 601 1434 640 durum
1470 601 1726 655 firmumque

122 659 423 722 pericardium
458 667 564 706 vltra
599 664 832 705 naturalem
868 664 1202 718 magnitudinem
1239 665 1512 718 extendisset,
1553 665 1598 706 id
1635 667 1727 720 qni-

142 732 240 772 dem
275 731 519 772 adhucdum
557 727 723 769 latebat.

334 853 527 909 Cupidus
563 868 666 907 ergo
702 852 888 903 sciendi,
940 853 1052 894 vnde
1088 862 1129 893 et
1165 866 1246 906 qua
1280 853 1344 894 via
1382 853 1648 908 liicwsanguis
1686 858 1727 897 in

141 920 425 974 pericardium
459 919 725 971 peruenerit,
762 930 815 957 eo
850 918 1009 969 magis,
1055 930 1152 956 cum
1187 917 1229 956 in
1265 917 1392 957 leone
1429 917 1532 958 olim
1570 920 1728 960 nullam

142 985 332 1024 eiusdem
369 982 492 1022 huius
529 981 699 1021 effeetus
736 980 898 1020 causam
936 981 1134 1032 detegere
1169 981 1416 1032 potuissem5
1453 982 1592 1021 cordis
1631 996 1731 1023 veu-

142 1047 301 1086 triculis
338 1044 622 1098 anriculisque
658 1052 702 1084 et
734 1043 836 1083 vasis
873 1043 1104 1084 maioribus
1141 1040 1340 1083 omnibus
1377 1043 1551 1098 integris
1588 1058 1730 1099 reper-

140 1110 216 1157 tis;
270 1119 494 1162 antequam
531 1107 685 1149 viscera
720 1107 981 1160 eximerem,
1033 1107 1221 1160 partibus
1258 1107 1428 1160 singulis
1465 1110 1505 1148 in
1543 1108 1617 1149 sno
1654 1111 1728 1151 fitu

142 1173 320 1214 naturali
356 1171 612 1223 constitutis,
666 1181 708 1211 et
741 1170 917 1223 illaesis,
968 1171 1097 1211 corde
1133 1180 1296 1216 tantum
1330 1171 1520 1226 vasisque
1559 1173 1728 1214 maiori-

144 1237 248 1288 bus,
282 1246 324 1276 et
359 1248 464 1289 quae
499 1236 606 1275 intra
641 1235 920 1288 pericardium
957 1235 1253 1285 continentur,
1307 1248 1328 1275 a
1363 1234 1559 1288 sanguine
1598 1238 1730 1291 depu-

142 1300 264 1350 tatis,
301 1299 443 1339 omnia
478 1298 678 1338 curiosius
714 1299 959 1350 perquirere
996 1299 1127 1350 caepi.
1195 1298 1333 1338 Facile
1369 1298 1530 1338 causam
1573 1300 1730 1341 inueni.

143 1363 301 1416 Magna
336 1372 424 1403 erat
459 1371 631 1415 ruptura
666 1371 832 1411 aortae,
880 1375 985 1415 quae
1020 1362 1063 1401 in
1099 1361 1204 1401 facie
1241 1362 1330 1401 eius
1368 1361 1613 1414 posteriori,
1653 1377 1732 1417 qua

143 1426 245 1467 smui
281 1438 482 1467 venarum
517 1425 828 1479 pulmonalium
863 1425 1096 1475 incumbit,
1139 1425 1248 1464 haud
1286 1424 1438 1478 procul
1474 1439 1495 1466 a
1531 1426 1635 1478 basi,
1671 1428 1731 1468 se-

146 1491 332 1531 cundum
368 1489 681 1542 longitudinem
718 1489 859 1538 dueta,
896 1489 1194 1542 reperiebatur.
1263 1488 1515 1530 Membrana
1551 1491 1734 1544 pericar-

147 1555 204 1594 dii
241 1555 426 1603 interna,
472 1552 540 1592 vbi
575 1552 626 1592 ad
661 1552 937 1604 posteriorem
974 1551 1236 1606 superficiem
1272 1562 1414 1593 aortae
1452 1552 1490 1593 se
1526 1555 1732 1609 applicat,

146 1628 188 1658 et
223 1617 331 1657 basin
366 1616 506 1656 versus
545 1616 790 1667 descendit,
841 1625 930 1656 tum
967 1629 1071 1657 vero
1117 1615 1167 1656 ab
1211 1628 1327 1658 aorta
1364 1616 1550 1669 secedit,
1603 1629 1645 1659 et
1680 1621 1731 1661 ad

146 1682 398 1722 anteriorem
435 1693 564 1733 porro
600 1679 639 1719 se
675 1679 856 1733 applicat
898 1680 1048 1719 faciem
1092 1680 1199 1719 smus
1236 1694 1438 1721 venarum
1475 1681 1733 1735 pulmonali-

148 1758 250 1794 um,
304 1744 542 1797 speluncam
585 1743 692 1784 inter
728 1744 800 1784 has
843 1753 982 1796 partes
1018 1743 1177 1796 largam
1212 1754 1254 1784 et
1289 1744 1544 1798 profundam
1586 1747 1730 1788 efficit.

151 1809 196 1849 ln
233 1807 366 1848 fundo
403 1799 526 1847 huius
560 1807 811 1860 speluncae,
864 1806 950 1863 fere
986 1808 1027 1847 in
1064 1808 1149 1862 ipsa
1185 1821 1231 1848 ea
1269 1808 1390 1860 sede,
1424 1809 1495 1849 vbi
1531 1810 1581 1850 ab
1617 1821 1733 1852 aorta

150 1872 368 1925 pericardii
407 1870 648 1911 membrana
683 1871 863 1922 secedit,
902 1871 950 1911 ad
988 1871 1119 1912 finum
1157 1872 1320 1923 transit,
1373 1871 1549 1913 inferior
1585 1885 1734 1928 ruptu-

152 1947 216 1975 rae
262 1935 505 1974 extremitas
550 1944 649 1974 erat.
718 1936 829 1988 Hinc
877 1935 1031 1975 sursum
1074 1937 1183 1976 recia
1229 1935 1456 1976 secundum
1502 1937 1734 1991 longitudi-

152 2010 247 2038 nem
291 1997 463 2037 arteriae
498 1997 548 2036 ad
591 2010 680 2038 eam
723 1999 889 2052 prorsus
933 1999 1073 2039 sedem
1118 2013 1252 2053 vsque
1297 1992 1606 2053 adscendebat,
1662 2003 1732 2044 vbi

150 2062 331 2115 primum
370 2059 609 2101 membrana
642 2062 884 2115 pericardii
899 2063 947 2105 ad
990 2073 1150 2105 aortam
1196 2063 1236 2103 se
1279 2064 1474 2117 applicat.
1545 2065 1730 2108 Crnmns

152 2127 298 2177 ingens
335 2123 518 2174 cruoris,
554 2124 793 2181 adhucdum
828 2126 869 2166 in
905 2127 1080 2184 vulnere
1117 2128 1310 2177 haerens,
1346 2127 1456 2166 idem
1495 2128 1729 2171 obtnr;;.1b1t

154 2188 263 2242 Quo
277 2188 499 2239 extracto,
523 2175 628 2227 duos
665 2176 785 2230 facile
811 2190 879 2231 vel
914 2179 998 2231 tres
1036 2191 1196 2244 digitos
1226 2190 1457 2230 immittere
1493 2195 1632 2246 potni'
1634 2198 1731 2244 ca,

153 2251 223 2291 nisi
262 2250 493 2289 &interdum
533 2250 697 2302 fuisset,
751 2265 802 2292 ne
839 2254 990 2293 vulnus
1028 2255 1279 2295 dilataretur.
1349 2251 1491 2308 Quare
1534 2257 1732 2296 intactum

216 2313 333 2355 Noua
354 2314 456 2353 Acla
477 2313 605 2353 Aeaci.
627 2313 728 2366 Imp.
748 2314 816 2356 Sc.
838 2315 942 2355 Tom.
966 2315 1014 2356 V.
1304 2316 1326 2356 1
1357 2317 1371 2356 i
1629 2319 1731 2372 hoc,
