2003 2700
235 252 293 302 50
756 231 1309 288 -HISTOIREss

229 362 398 407 sortass‘e
444 360 635 402 medIum
674 359 732 401 ad
775 359 1119 401 emendatiorem
1165 359 1258 402 salis
1313 361 1439 402 huius
1487 357 1706 404 chemicis
1752 371 1837 405 tam

226 425 441 472 necessarii
475 424 847 482 praeparationem
883 423 998 465 haud
1033 437 1185 479 parum
1222 426 1418 467 conferre
1454 427 1630 481 poterit.

703 513 1192 596 Experimentum
1237 518 1347 579 VI.

420 607 456 661 §.
493 621 536 657 9.
603 606 826 646 Lixiuium
870 605 1190 660 saponariorum
1239 619 1338 647 cum
1382 604 1560 659 puluere
1603 605 1838 650 carbonum

227 675 412 717 mixtum
449 671 636 713 costi0ni
672 670 766 712 satis
805 670 1028 711 diuturnae
1065 669 1257 726 exposui.
1319 670 1534 711 Effee‘tum
1568 672 1708 727 reperi
1745 671 1839 713 nul-

229 741 335 783 lum.

705 794 1193 877 Experimentum
1237 795 1371 855 VII.

419 897 455 950 §.
497 909 567 936 10.
631 894 726 935 Mel
764 892 912 936 album
948 896 1143 936 admixto
1179 895 1359 948 puluere
1398 895 1635 937 carbonum
1671 897 1840 952 propri-

227 975 299 1005 um
332 961 407 1003 fibi
444 961 629 1002 odorem
665 958 837 1000 amittit.

684 1049 1176 1132 ExperImentum
1213 1050 1375 1113 VIII.

415 1153 452 1208 ς.
496 1166 566 1192 11.
632 1149 736 1193 Olei
775 1151 1020 1206 cannabis,
1056 1167 1154 1196 cum
1191 1154 1333 1196 debita
1369 1154 1558 1209 pulueris
1598 1155 1834 1197 carbonum

223 1219 457 1275 quantitate
497 1217 683 1268 tractati,
721 1216 864 1259 fuscus
903 1219 1027 1260 color
1062 1219 1103 1259 in
1142 1232 1240 1260 eum
1277 1219 1390 1271 abit,
1429 1232 1515 1272 quo
1551 1218 1698 1260 oleum
1739 1218 1837 1262 Oli-

221 1296 368 1327 varum
404 1283 579 1337 gaudet,
612 1281 730 1322 idem
764 1294 808 1323 et
842 1283 1026 1324 odorem
1063 1283 1138 1324 fibi
1175 1284 1400 1338 proprium
1437 1283 1606 1323 amittit.

416 1383 778 1438 Experimentum
815 1383 901 1425 hoc
938 1397 1031 1426 eam
1070 1398 1244 1441 quoque
1273 1385 1338 1425 ‘ob
1377 1385 1552 1426 cauffam
1596 1387 1831 1429 attentione

226 1448 403 1503 dignum
442 1449 547 1489 mihi
584 1449 779 1500 videtur,
819 1450 935 1504 quod
972 1451 1086 1504 spem
1126 1451 1250 1491 faciat
1286 1450 1397 1490 haud
1436 1450 1730 1502 mediocrem,
1770 1451 1833 1493 fo-

224 1526 306 1565 re,
357 1523 404 1554 vt
447 1513 682 1554 carbonum
728 1526 811 1566 ope
853 1514 946 1555 olea
993 1507 1208 1569 insiguiter
1253 1513 1468 1555 emendari
1515 1515 1698 1569 poffiut;
1754 1515 1834 1570 ob-v

224 1578 295 1619 stat
334 1579 507 1633 quidem
546 1578 684 1619 adhuc
723 1588 874 1632 optato
919 1578 1117 1620 successui
1167 1579 1291 1619 nimis
1330 1590 1480 1632 magua
1517 1579 1602 1619 olei
1640 1579 1829 1634 iamim,

221 1643 343 1684 cuius
390 1643 572 1684 maxima
619 1655 713 1696 pars
760 1642 994 1683 carbonum
1038 1643 1206 1697 pulueri
1252 1643 1401 1684 intime
1448 1644 1562 1684 inita
1607 1640 1831 1698 perditur,

223 1720 321 1747 cum
360 1707 429 1747 sex
465 1708 551 1748 olei
590 1717 728 1761 partes
768 1720 851 1747 nou
891 1707 961 1747 nisi
999 1709 1166 1749 vuicam
1205 1708 1438 1749 carbonum
1477 1708 1662 1762 exigant.
1732 1708 1833 1750 Plu·

225 1785 265 1812 ra
311 1772 436 1812 huius
482 1772 542 1812 rei
597 1772 786 1825 pericula
838 1771 1052 1812 instituere
1096 1782 1140 1814 et
1186 1773 1252 1814 111.
1295 1773 1558 1815 Academiae
1610 1785 1828 1829 exponere

221 1836 326 1877 mihi
363 1836 527 1877 animus
565 1836 634 1877 cst.
1059 1831 1064 1836 ’

690 1928 1174 2011 Experimentum
1222 1928 1326 1992 IX.

415 2031 452 2086 ξ.
495 2044 565 2071 12.
621 2031 689 2073 Ad
728 2032 1056 2087 cognoscendos·
1094 2034 1328 2075 carbonum
1367 2034 1406 2073 iu
1446 2045 1626 2088 corpora
1663 2035 1713 2075 ad
1751 2049 1829 2090 pu-

224 2095 517 2137 trcfiu‘tioncm
563 2111 728 2151 prona,
787 2108 858 2138 aut
906 2100 986 2138 iani
1026 2101 1254 2151 putre-fasta
1289 2099 1500 2150 effeetus,
1552 2111 1827 2152 experiri-cn-

222 2170 310 2199 tum
358 2161 532 2215 stqueus⁴
580 2161 731 2202 institui
764 2191 778 2213 ‚
831 2163 870 2202 in
913 2174 998 2215 quo
1036 2164 1209 2216 quidem
1256 2163 1439 2216 contigit
1483 2164 1586 2202 nihi
1624 2165 1702 2203 effe
1741 2174 1826 2205 tam

223 2225 336 2265 {elici
361 2254 373 2275 ‚
411 2237 454 2264 vt
490 2226 723 2266 carbonum
762 2227 1014 2281 singularem
1055 2232 1263 2281 quandam
1306 2227 1611 2281 proprietatem
1651 2229 1826 2269 derexe-

223 2289 338 2338 rim,
377 2303 482 2340 quae
523 2304 618 2343 prae
658 2293 810 2331 ceteris
848 2306 867 2331 n
906 2304 971 2331 nac
1010 2293 1243 2345 exploratis
1282 2291 1523 2333 substantiae
1560 2293 1685 2334 huius
1723 2304 1825 2344 qua-

224 2352 410 2397 litatibus
449 2366 596 2396 notatu
636 2369 762 2409 quam
803 2357 987 2397 maxime
1025 2357 1149 2410 digua
1186 2357 1366 2398 videtur.

1674 2416 1824 2460 Carnis
