2003 2700
679 165 830 180 --·-
863 148 1019 206 (243)
1051 166 1203 192 π

230 273 1235 351 OBSERVATIONES
1318 267 1669 351 DVAE.

821 408 1036 485 ‘Auitore

690 538 758 593 N.>
804 537 1194 581 SOCOLOFF.

448 686 1424 756 m

711 871 1057 932 *Obseruatio
1103 878 1146 936 I

147 993 224 1043 De
256 990 412 1040 modo
431 1022 444 1044 ,
497 1001 599 1052 quo
635 987 858 1038 lumbrici
891 988 1140 1038 terrestres
1176 999 1225 1037 et
1258 989 1389 1039 varia
1421 987 1597 1039 insecla
1628 987 1744 1043 hor-

268 1054 328 1104 tis
360 1052 584 1116 agrisque
616 1053 766 1102 noxia
799 1052 876 1105 vel
908 1053 1072 1103 necari
1104 1052 1182 1103 vel
1214 1052 1379 1118 repelli
1417 1053 1625 1120 possunt.

149 1181 380 1297 Certum
425 1216 512 1267 est,
567 1230 692 1270 quarn
736 1230 937 1272 magnum
982 1217 1180 1259 lumbrici
1216 1219 1426 1260 terrestres
1465 1220 1740 1261 corrodendo

275 1290 436 1320 teneras
483 1279 794 1322 arbuscularum
845 1282 1106 1336 aliarumque
1158 1281 1396 1336 plantarum
1448 1284 1645 1335 radices,
1699 1293 1742 1325 et

148 1347 260 1387 varia
295 1344 468 1395 inseoa,
502 1345 727 1399 praecipue
748 1345 885 1386 variae
905 1359 1054 1386 erucae
1091 1354 1218 1400 atque
1253 1346 1462 1398 locustae,
1498 1348 1575 1387 hae
1611 1348 1740 1400 agris,

148 1409 245 1450 illae
291 1409 423 1449 hortis
466 1406 647 1448 inferant
692 1409 916 1457 damnum5
963 1410 1013 1450 de
1061 1422 1146 1462 quo
1192 1419 1333 1450 tamen
1375 1411 1608 1452 avertendo
1645 1424 1742 1452 eru-

152 1473 227 1514 diti
262 1484 409 1525 parum
453 1471 620 1511 solliciti
663 1471 885 1525 hucusque
920 1473 1120 1513 videntur
1163 1472 1294 1513 fuisse.
1379 1474 1485 1516 Ideo
1522 1488 1608 1516 non
1645 1475 1738 1515 inu-

151 1537 224 1577 tile
271 1537 362 1575 sore
405 1546 536 1588 pum,
590 1534 618 1574 fi
662 1545 851 1587 certum,
905 1536 1073 1577 facilem
1116 1547 1160 1577 et
1206 1538 1468 1591 experientia
1510 1539 1740 1592 probatum

150 1612 389 1662 proponam
428 1599 494 1639 hic
532 1599 735 1650 modum,
778 1613 864 1653 quo
902 1601 1045 1640 omnia
1088 1601 1160 1641 illa
1196 1602 1329 1642 hortis
1375 1613 1499 1657 atque
1536 1604 1646 1657 agris
1682 1616 1739 1644 no

149 1665 217 1705 xia
262 1662 512 1704 animalcula
546 1662 614 1702 vel
641 1664 789 1714 ,necari
825 1664 894 1704 vel
930 1664 1080 1719 repelli
1115 1666 1297 1718 possunt.

341 1790 382 1832 A
418 1791 552 1843 longo
589 1791 669 1831 iam
706 1800 900 1846 tempore
937 1792 1028 1834 satis
1074 1793 1280 1848 superque
1318 1796 1514 1850 cognitae
1549 1796 1643 1836 sunt
1676 1795 1740 1836 vi-

150 1866 217 1894 res
256 1854 522 1895 destrueriuae
560 1855 684 1895 calcis
719 1857 840 1897 viuae
877 1858 996 1899 alcali
1033 1858 1122 1899 fixo
1160 1869 1354 1910 amiatae,
1403 1873 1507 1913 quae
1545 1873 1643 1900 cum
1677 1861 1742 1900 vi-

151 1929 250 1966 vas,
287 1927 374 1957 tum
412 1927 597 1958 mortuas
619 1933 790 1972 quoque
820 1931 968 1962 omnes
1005 1923 1247 1963 animalium
1286 1923 1437 1964 molles
1474 1933 1611 1978 partes
1649 1937 1742 1964 cor-

152 1980 289 2030 rodit,
326 1981 450 2023 soluit
484 1995 528 2022 ac
566 1983 752 2031 destruit3
789 1986 889 2025 ideo
926 1987 1032 2026 hanc
1068 1988 1346 2040 praecaeteris
1376 2002 1454 2041 pro
1486 1989 1616 2041 scopo
1638 2001 1738 2029 meo

154 2044 391 2084 obtinendo
426 2044 548 2098 elegi.
614 2047 772 2102 Recepi
808 2050 967 2090 scilicet
993 2061 1084 2091 tres
1120 2061 1258 2104 partes
1295 2065 1426 2104 aquae
1464 2053 1588 2093 calcis
1619 2053 1738 2093 vivae

153 2118 348 2147 recenter
386 2108 511 2148 faciae
547 2119 589 2149 et
624 2112 724 2152 duas
759 2124 898 2165 partes
937 2118 1135 2156 saturatae
1172 2115 1392 2155 solutionis
1430 2116 1549 2156 alcali
1587 2116 1660 2157 fixi
1697 2118 1739 2155 in

154 2184 282 2223 aqua„
320 2184 372 2211 ex
410 2172 558 2223 quibus
594 2175 734 2218 mixtis
771 2177 936 2217 obtinui
983 2179 1196 2230 liquorem
1233 2180 1557 2231 quodammodo
1594 2181 1739 2220 lactes-

155 2245 345 2286 centem,
401 2236 492 2276 stitis
530 2237 776 2294 causticum,
822 2242 892 2294 qui
928 2241 1146 2282 lumbricis
1183 2242 1442 2284 terrestribus
1479 2254 1604 2298 atque
1643 2255 1739 2281 om-

920 2305 961 2344 H
983 2306 1010 2346 h
1052 2318 1074 2343 2
1613 2305 1736 2345 nibus
