2003 2700
828 176 982 190 -..
1016 161 1170 217 (258)
1203 178 1357 191 —

277 285 429 314 omnes
468 274 588 315 facile
624 274 676 314 ab
713 283 855 316 aortae
890 274 1113 316 tuberibus
1140 275 1179 317 se
1216 277 1505 332 distinguunt,
1540 278 1733 334 nihilque
1771 292 1892 323 rnor-

278 337 362 377 boii
401 338 451 378 ad
488 352 631 380 ramos
667 351 742 380 eos
777 352 914 393 vsque
957 341 1223 394 perueniffe,
1277 342 1516 383 ostendunt.
1588 343 1754 385 Verum
1793 345 1888 386 sub-

277 400 435 443 clauiae
479 405 652 446 arteriae
697 403 875 446 finistrae
922 404 1057 456 basis,
1112 415 1155 446 et
1199 419 1294 461 pars
1330 407 1476 447 infima
1521 407 1572 448 ad
1609 407 1885 463 semipollicis

277 466 387 519 quasi
424 468 778 522 longitudinem,
833 469 990 511 morbo
1026 468 1184 511 affcCta.
1254 471 1453 522 Mirum,
1511 484 1636 525 quam
1683 472 1806 515 facile
1843 484 1886 516 et

276 543 403 583 quam
442 534 660 574 manifesto
698 533 802 574 haec
839 547 860 575 a
896 534 1058 588 reliqua
1094 535 1186 575 sana
1222 537 1396 576 arteriae
1433 545 1552 589 parte
1591 534 1884 592 distinguatur.

274 595 377 636 Non
417 596 500 638 sola
537 599 859 652 protuberantia
890 599 1111 654 maiorque
1142 600 1355 652 craffities,
1397 613 1476 654 qua
1509 603 1744 655 capitulum
1783 616 1898 656 qua--

272 659 298 699 fi
321 689 335 711 ,
380 672 451 702 aut
486 662 664 703 bulbum
702 665 853 705 arteria
890 663 1056 715 efficit,
1111 663 1179 704 sed
1217 665 1342 705 multi
1379 665 1447 705 alii
1487 678 1704 719 praeterea
1741 668 1888 709 chara-

273 725 423 776 ἃετεε,
462 727 513 767 de
546 727 699 780 quibus
737 727 777 767 in
817 727 1091 781 sequentibus
1129 728 1288 780 dicam,
1325 729 1569 770 morbosam
1608 731 1716 771 hanc
1754 733 1899 772 imam*

272 789 362 829 eius
400 801 562 844 partem
599 805 620 831 a
656 791 834 830 caeteris
869 791 975 830 sanis
1012 791 1288 840 distinguunt.
1373 792 1469 831 Hac
1512 793 1599 833 sola
1634 807 1742 848 ergo
1779 794 1884 835 arte-v

273 854 356 893 riae
395 854 630 893 subclauiae
666 862 784 905 parte
820 862 1001 905 excepta
1037 861 1179 893 totum
1217 852 1468 893 arteriarum
1507 853 1706 907 systema,
1753 856 1899 908 quan·'

271 926 361 956 tum
406 917 620 970 inquirere
667 916 824 970 potui,
876 916 926 956 ab
963 915 1083 956 omni
1119 914 1227 956 vitio
1275 915 1461 958 liberum
1498 918 1672 969 existit,
1725 919 1886 961 solum·

272 992 353 1034 que
389 994 534 1023 arcum
571 991 713 1023 aortae
751 981 929 1022 morbus
964 990 1133 1037 praeter
1167 979 1285 1023 illam
1322 982 1573 1037 particulam
1612 985 1856 1039 occupauit.
1897 1014 1898 1017 η

349 1165 352 1168 .
464 1114 644 1156 Tertius
681 1114 865 1168 denique
903 1122 1048 1155 tumor
1083 1113 1271 1170 longiori
1308 1114 1530 1156 interstitio
1565 1127 1587 1156 a
1625 1116 1770 1156 medio
1799 1116 1884 1157 dis-

270 1177 421 1219 tinctus
458 1179 528 1220 est.
599 1179 898 1230 lnterstitium,
934 1180 1038 1221 ficut
1072 1189 1190 1221 aorta
1226 1181 1306 1221 effe
1343 1179 1476 1241 solet,
1512 1180 1798 1231 cylindricum
1834 1180 1884 1220 fi-

267 1255 394 1296 gura,
441 1244 602 1285 ambitu
640 1256 816 1298 quoque
854 1244 1020 1285 solitam
1056 1244 1097 1284 in
1135 1245 1213 1286 hac
1251 1244 1346 1285 sede
1383 1255 1544 1285 aortam
1582 1246 1655 1285 vix
1691 1244 1884 1298 superat,

267 1307 400 1347 tribus
425 1310 584 1363 quippe
623 1308 855 1362 pollicibus
881 1309 1070 1362 aequale.
1140 1308 1348 1349 Morbosa
1386 1319 1524 1348 tamen
1565 1309 1709 1349 indole
1747 1321 1883 1362 aeque

267 1383 313 1411 ac
347 1381 539 1412 tumores
577 1372 650 1426 ipfi
688 1373 791 1413 haec
827 1386 922 1426 pars
952 1384 1096 1413 aortae
1117 1372 1262 1414 affec'ta
1298 1372 1371 1422 cst,
1410 1372 1672 1426 planioribus
1714 1373 1882 1426 parlim,

265 1435 405 1489 iisque
443 1437 591 1491 rigidis
630 1437 980 1492 durioribusque,
1021 1438 1147 1487 areis,
1184 1437 1307 1476 oiseis
1345 1436 1564 1489 particulis
1601 1436 1781 1490 stipatis,
1818 1437 1882 1477 in·

265 1500 417 1554 signis,
454 1501 774 1557 parietibusque
812 1501 1077 1543 crassioribus
1104 1500 1437 1554 durioribusque
1476 1511 1630 1542 notata.
1703 1501 1881 1542 Tumor

264 1565 352 1618 ipse
390 1578 521 1606 ovum
561 1566 646 1607 sere
684 1566 967 1620 gallinaceum
1005 1566 1140 1619 figura
1177 1574 1220 1605 et
1255 1565 1550 1618 magnitudine
1589 1565 1732 1606 refert.
1780 1564 1881 1605 Pol-

265 1629 370 1670 lices
417 1630 578 1671 ambitu
626 1632 816 1673 maximo
861 1632 903 1671 in
952 1629 1092 1671 media
1136 1629 1194 1670 sui
1242 1640 1357 1683 parte
1405 1640 1587 1683 quatuor
1630 1642 1879 1683 nouemque

267 1694 398 1734 lineas
421 1696 746 1749 complestitur,
783 1709 870 1749 quo
907 1706 951 1736 et
986 1694 1267 1749 praecedente
1305 1694 1541 1747 angustiore
1580 1705 1696 1748 parte
1735 1704 1878 1735 aortae

264 1768 306 1798 et
344 1757 542 1812 sequente
579 1770 695 1801 aorta
734 1760 884 1799 dorsali
930 1759 1163 1812 plurimum
1201 1759 1375 1799 eminet.
1446 1758 1586 1798 Huius
1629 1759 1874 1812 superficies

264 1822 421 1875 ibique
460 1837 679 1873 convexa,
735 1823 856 1864 aliter
891 1833 1016 1877 atquc
1055 1825 1207 1863 caeteri
1247 1833 1463 1872 tumores,
1502 1824 1688 1876 aequalis
1726 1823 1875 1876 plane,

266 1888 478 1942 nullisque
501 1899 571 1928 aut
600 1887 940 1941 imprcffionibus
962 1899 1032 1929 aut
1063 1888 1394 1941 protuberantiis
1433 1898 1589 1927 notata.
1659 1887 1719 1927 At
1755 1899 1875 1928 areae

266 1962 432 2004 tamen,
469 1953 579 1994 haud
618 1954 852 2004 rotundae,
888 1953 954 1993 sed
995 1953 1126 2006 magis
1165 1952 1403 2005 oblongae,
1439 1961 1507 1991 aut
1544 1951 1788 2005 irregularis
1827 1951 1876 1991 fi·

266 2029 409 2068 gntae.
449 2018 673 2071 multoque
711 2018 916 2058 oibiculis
961 2017 1044 2057 illis
1078 2017 1296 2069 longiores
1335 2016 1620 2069 latioresque,
1657 2016 1794 2056 variae
1832 2017 1874 2056 in

264 2082 478 2134 postremo
518 2083 599 2122 hoc
638 2082 785 2123 tubere
824 2091 1072 2131 occurrunt,
1112 2093 1217 2134 quae
1247 2080 1363 2120 sedes
1394 2081 1589 2121 duriores
1628 2080 1874 2134 rigidiores·

266 2159 347 2199 quc
371 2147 550 2195 osseam,
588 2149 744 2200 pariter
771 2158 898 2201 atque
928 2145 1128 2194 orbiculi,
1160 2147 1396 2193 materiam,
1424 2146 1533 2185 inter
1553 2145 1714 2186 tunicas
1738 2145 1875 2199 parie-

265 2221 354 2250 tum
386 2211 635 2264 dil'pcrsam,
673 2214 908 2253 continent.
964 2211 1191 2253 Caeterum
1223 2212 1348 2251 etiam
1381 2211 1419 2250 in
1453 2211 1501 2250 iis
1534 2209 1729 2257 sedibus,
1771 2222 1872 2261 quas

266 2276 411 2318 succus
433 2278 635 2318 oil'ci‘ccns
666 2280 840 2319 minime
869 2277 1129 2333 penetrauit,
1153 2276 1348 2317 morbosa
1380 2276 1548 2317 indoles
1579 2284 1717 2315 tamen
1747 2274 1873 2314 liuius

1740 2349 1869 2394 partis
