2003 2700
811 183 963 197 ·-·····
996 166 1154 222 (²84)
1188 176 1339 202 ³⁶-

277 283 370 337 26.)
443 280 599 337 Opalus
642 281 874 324 verficoior
908 281 1154 337 <Girafol)
1190 282 1234 324 in
1268 282 1442 326 mIneris
1479 282 1646 341 plumbi
1681 297 1738 327 ex
1771 283 1878 327 Bre-

463 358 606 403 mgne,
642 348 866 402 prouincia
903 346 1084 392 Galliae.

275 412 372 466 27.)
439 410 698 467 Smaragdus
732 425 787 454 ex
823 412 980 465 Fora,
1017 411 1180 456 Galliae
1216 412 1453 468 prouincia.

276 477 371 531 23.)
438 474 619 531 Salpe-ur
653 479 828 519 natiuum
862 478 975 520 intus
1010 478 1191 532 parietes
1222 478 1410 532 geodum
1430 477 1673 519 filiceorum
1701 478 1877 521 vestiens

467 555 490 583 e
531 542 725 595 voligny
758 555 896 599 prope
932 541 1149 594 Besanqon
1185 542 1228 583 in
1265 543 1487 598 prouincia
1523 542 1714 585 Franche
1743 542 1879 587 Com·

464 609 529 659 te,
567 605 745 649 Galliae.

274 673 368 726 29.)
434 669 616 725 Sulphur
648 672 823 712 natiuum
859 670 1061 724 crystallis
1084 672 1290 713 osta‘e‘dris
1320 669 1694 714 rhomboidalibus
1717 672 1784 726 (v.
1806 671 1881 714 de·

463 735 741 789 scriptionem
776 736 903 777 huius
939 736 1099 789 figurae
1135 738 1176 776 in
1215 735 1593 790 Cristallographia
1615 735 1671 777 D.
1694 737 1745 777 de
1767 736 1879 776 l'lsle

462 799 565 840 edit.
602 798 658 838 ΙΙ.
696 797 833 838 Tom.
870 797 906 836 1.
942 811 984 850 p.
1025 796 1164 848 292.)
1202 798 1243 835 in
1280 799 1418 851 gypso
1453 809 1497 837 et
1531 798 1652 851 spato
1688 801 1878 841 calcar-eo

461 875 516 902 ex
554 860 686 902 Conil
721 873 858 916 prope
896 858 1046 901 Cadiz.

269 925 367 980 30.)
433 922 614 980 Sulphur
666 927 843 966 uotiuum
893 925 1052 966 eodem
1101 924 1240 965 modo
1273 922 1593 976 crystallisatum
1629 937 1685 968 ex
1719 923 1882 968 Sicilia.

461 990 687 1032 Inuenitut
729 989 892 1032 ibidem
927 989 970 1030 in
1006 988 1124 1044 spato
1160 988 1421 1045 ponderoso.

268 1056 366 1111 31.)
432 1053 643 1098 succinum
677 1057 853 1097 natiuum
887 1055 930 1095 in
967 1065 1116 1109 gagate
1153 1053 1272 1108 nigra
1296 1052 1540 1095 fodinarum
1560 1054 1877 1097 Lithanthracis

461 1122 503 1161 in
542 1120 764 1176 prouincia
797 1117 1191 1174 Languedoccenfi.

268 1185 366 1241 32.)
433 1183 634 1227 Platinum
669 1185 961 1227 communiter
996 1193 1144 1225 tenues
1180 1182 1421 1238 squ-:imulas
1455 1182 1613 1234 efficit,
1658 1192 1788 1237 prout
1822 1194 1879 1224 ex

459 1250 665 1294 America
716 1249 919 1291 adfertur.
1009 1247 1094 1290 Sed
1147 1248 1258 1302 apud
1313 1247 1369 1289 D.
1417 1248 1468 1288 de
1505 1247 1616 1288 l‘lsle
1653 1247 1875 1288 frustulum

460 1315 695 1357 rotundum
732 1314 858 1355 huius
897 1313 1059 1355 metalli
1094 1313 1206 1361 vidi,
1243 1313 1364 1353 euius
1401 1313 1607 1353 diameter
1642 1312 1881 1367 longitudi-

462 1378 566 1421 natis
613 1379 781 1420 tertiam
828 1388 992 1434 partem
1028 1378 1246 1418 mensurae
1282 1376 1535 1431 pollicum,
1590 1377 1875 1419 transuersalis

459 1443 571 1484 vitra
616 1454 806 1496 quartam
851 1454 1014 1498 partem
1049 1441 1245 1483 ciusdem
1282 1441 1501 1482 mensurae
1537 1441 1743 1495 aequabat
1777 1451 1818 1483 et
1852 1453 1875 1482 e

464 1507 695 1563 quantitate
742 1507 835 1549 satis
880 1520 1032 1560 magna
1073 1506 1260 1556 Platini,
1318 1505 1441 1560 quale
1477 1507 1766 1548 communiter
1801 1519 1877 1547 oc·

461 1573 624 1623 currit,
664 1571 896 1624 setectum,
941 1584 1017 1612 nec
1055 1570 1192 1612 fusum
1238 1580 1340 1611 crat.
1410 1570 1501 1612 Hac
1537 1571 1758 1612 occasione
1795 1584 1876 1611 no·

463 1651 565 1678 vum
610 1638 832 1678 inuentum
878 1635 1095 1678 acutiffimi
1143 1633 1344 1676 Chemici
1387 1635 1490 1677 Dni.
1525 1634 1728 1689 Klaproth
1763 1636 1876 1677 indi-

458 1715 552 1743 care
589 1701 728 1743 liceat.
798 1701 1074 1742 Notisiimum
1112 1699 1170 1740 est
1205 1700 1412 1752 platinum
1448 1700 1498 1741 ab
1529 1713 1634 1742 auro
1658 1701 1871 1742 mercurio

459 1765 654 1821 separari,
690 1777 788 1806 cum
825 1778 913 1818 quo
948 1765 1348 1817 :imaigzimarionem
1386 1765 1557 1819 respuit.
1629 1765 1777 1808 Calidc
1800 1778 1873 1806 au·

457 1840 545 1871 tem
580 1831 689 1871 vniri
728 1829 862 1883 potest
900 1828 1110 1870 l’iatinum
1146 1842 1245 1870 cum
1296 1830 1538 1882 mercurio,
1583 1830 1611 1870 ss
1648 1830 1772 1871 huius
1815 1843 1873 1882 14

458 1907 598 1952 partes
646 1894 918 1936 adhibentur.

265 1994 363 2048 33.)
429 1993 653 2046 Argenmm
703 1994 879 2033 nanuum
928 1991 1214 2035 dendriticnm
1269 1990 1390 2044 super
1441 1990 1542 2032 saxo
1595 1989 1748 2033 Guciffi
1802 1988 1870 2032 vel

456 2058 604 2100 Schisti
644 2057 855 2109 micacci,
906 2069 929 2097 c
966 2055 1126 2108 Potofi,
1162 2055 1204 2095 in
1241 2056 1387 2096 musco
1423 2056 1546 2097 liberi
1583 2054 1680 2096 Bar.
1717 2069 1739 2097 a
1773 2054 1872 2097 Dic-

455 2120 557 2163 lricl}
594 2122 695 2162 vidi.

266 2186 369 2241 34.)
433 2187 654 2239 Argcnmm
690 2187 867 2227 nanuum
900 2185 943 2226 in
978 2185 1063 2226 offe
1102 2184 1294 2226 femorali
1333 2184 1526 2226 animalis
1561 2184 1718 2240 ignoti,
1739 2197 1763 2225 c
1787 2183 1873 2226 Po·

457 2252 562 2307 tofi,
601 2252 747 2293 musco
783 2251 907 2306 regio
941 2250 1081 2292 attulit
1116 2250 1176 2292 D.
1211 2248 1401 2304 Dombcy.

1772 2342 1867 2396 τις)
