2003 2700
166 202 229 251 46
700 196 1244 246 HISTOIRE.

172 314 244 367 qui
282 312 407 362 solet,
446 312 593 353 colore
631 312 762 366 fauo,
801 323 843 356 et
877 315 1141 358 consistentia
1177 315 1359 359 tremula
1395 314 1602 372 gelatione
1639 315 1678 357 se
1713 316 1778 356 in·

171 379 289 430 duit,
325 375 690 432 praeter-lapsaque
729 380 851 420 nocte
889 394 1039 434 paruas
1077 382 1187 423 acidi
1223 379 1396 424 Tartari
1433 382 1666 435 crystallos,
1701 393 1778 436 pet

171 453 304 483 totam
341 441 617 495 gelatinosam
655 441 779 482 huius
818 444 998 496 liquoris
1036 447 1205 486 mass‘am
1244 447 1354 500 quasi
1391 447 1607 501 dispersas,
1643 446 1781 488 osten-

172 508 246 546 dit.
333 506 493 546 Addita
545 504 720 546 subinde
765 507 924 561 liquori
971 510 1070 550 huic
1115 509 1265 550 eadem
1310 510 1500 564 pulueris
1545 509 1780 551 carbonum

172 570 424 625 quantitate,
462 570 646 610 eundem
685 571 877 613 laborem
915 573 1021 614 binis
1061 575 1198 615 adhuc
1236 575 1401 615 vicibus
1432 575 1606 623 iteraui3
1643 584 1686 614 et
1704 573 1780 614 fin-

168 635 280 688 gtnis
319 633 483 675 vicibus
522 634 665 688 liquor
703 636 770 677 hic
808 637 916 679 acidi
955 640 1112 689 tartari,
1153 640 1316 693 peracia
1352 639 1586 680 elixatione
1623 651 1784 692 euapo-

170 700 441 752 rationeque,
478 712 564 739 non
602 711 766 757 tantum
802 703 981 744 eandem
1018 703 1229 758 gelatinae
1266 703 1445 744 similem
1473 703 1783 746 confistentiam

171 763 454 817 coloremque
492 766 648 805 flauum
687 766 892 808 assecutus
928 768 1007 816 cst3
1044 767 1113 809 sed
1152 768 1243 809 satis
1282 770 1439 823 largam
1477 781 1653 824 quoque
1689 780 1781 808 cre-

170 828 304 869 moris
350 828 490 869 tartari
536 839 579 868 et
624 830 750 871 calcis
797 832 1047 874 tartarisatae
1093 844 1445 884 regeneratorum
1500 834 1778 890 quantitaten]

169 892 380 948 praebuit.
451 892 676 947 Postquam
719 895 1033 947 diligentissume
1071 897 1175 937 haee
1213 898 1347 937 modo
1385 898 1491 937 dieta
1527 897 1655 946 salia,
1708 897 1784 938 ali-

172 958 343 1010 quoties
381 958 571 1009 repetitis·
609 957 954 999 dissolutionibus
992 969 1035 1000 et
1070 959 1286 1000 lcniffimis
1310 959 1688 1014 euaporationibus
1709 973 1784 1014 per

171 1019 579 1072 crystallisationem,
617 1021 798 1075 operose
836 1022 885 1063 ab
923 1023 1047 1063 acido
1084 1024 1224 1064 tartari
1262 1024 1529 1077 separaffem3
1585 1024 1785 1066 lixiuium

170 1086 256 1126 hoc
294 1085 345 1126 ad
383 1085 689 1126 consistentiam
727 1086 840 1127 istam
877 1087 1153 1142 gelatinosam
1191 1089 1273 1129 iam
1312 1102 1397 1130 non
1434 1089 1586 1140 rediit,
1630 1099 1673 1129 et
1709 1102 1783 1142 per

171 1149 501 1205 iiispiffationem
537 1150 654 1191 illius
692 1152 866 1193 demum
902 1153 1047 1193 vncias
1085 1153 1186 1193 duas
1223 1153 1330 1193 acidi
1369 1154 1510 1194 tartari
1547 1152 1730 1193 obtinui.

366 1248 468 1289 Mea
505 1249 679 1302 quidem
717 1249 921 1291 sententia
958 1254 1304 1306 experimentum
1343 1251 1427 1292 hoc
1449 1250 1541 1291 satis
1566 1249 1783 1302 monstrat,

174 1310 380 1352 carbones
427 1314 468 1352 in
512 1315 680 1355 acidum
720 1315 869 1355 tartari
910 1316 1069 1356 nullam
1107 1315 1344 1356 destruendi
1383 1315 1627 1357 &cultatem
1663 1327 1786 1355 exer·

174 1388 295 1422 cere;
352 1388 448 1416 nam
493 1379 618 1419 vnius
666 1378 781 1419 illius
825 1380 973 1420 vnciae
1020 1380 1127 1420 acidi
1166 1381 1305 1421 tartari
1343 1381 1494 1421 iactura
1534 1378 1784 1433 neutiquam

173 1440 441 1496 destructioni
480 1442 651 1484 attribui
689 1443 856 1497 potest,
903 1445 970 1485 (ed
1006 1446 1149 1498 potius
1187 1445 1324 1485 amissa
1361 1445 1431 1485 illa
1468 1444 1575 1485 acidi
1613 1457 1705 1497 pars
1743 1443 1787 1483 in

173 1504 342 1556 salibus,
380 1519 576 1548 cremore
614 1507 784 1549 Tartari
823 1509 1024 1549 nimirum
1062 1521 1104 1549 et
1140 1512 1254 1549 calce
1293 1508 1532 1558 tartarii‘ata,
1569 1521 1643 1562 per
1664 1520 1787 1548 com-

174 1569 438 1610 binationem
484 1572 590 1612 acidi
634 1585 730 1614 cum
770 1574 958 1628 partibus
997 1573 1281 1614 constitutiuis
1315 1573 1412 1614 fixis
1451 1573 1684 1614 carbonum
1719 1585 1786 1613 re-

175 1636 386 1687 generatis
424 1635 584 1677 latuisse
620 1636 826 1678 censenda
860 1637 930 1679 est.
1020 1637 1260 1688 Ceterum,
1305 1638 1396 1679 fieri
1434 1639 1507 1679 xix
1542 1651 1586 1678 ac
1625 1650 1676 1678 ne
1712 1637 1787 1679 vix

179 1699 351 1752 quidem
391 1701 540 1753 posse,
586 1702 686 1754 quin
723 1701 764 1742 in
802 1702 1015 1742 eiusmodi
1054 1702 1375 1757 operationibus
1416 1702 1672 1752 latioribus,
1714 1700 1786 1742 vel

176 1764 402 1804 cautus-me
442 1765 652 1817 institutis,
691 1767 960 1809 materiarum
998 1768 1359 1822 explorandarum
1396 1767 1465 1809 vel
1501 1765 1664 1809 tantilla
1691 1764 1783 1806 casu

175 1827 329 1869 iac'tura
367 1828 463 1882 siat,
499 1831 730 1885 vnicuique
765 1840 893 1886 patet.

666 1906 1148 1987 Experimentum
1207 1909 1278 1971 II.

202 2038 207 2042 ,
371 1995 406 2049 ᾖ.
445 2012 488 2048 4.
557 1997 683 2038 Aceti
723 1997 904 2039 distillari
943 2011 1019 2052 per
1055 1999 1402 2051 congelationem
1432 1994 1791 2038 concentrativn-

179 2059 262 2100 cias
311 2060 411 2101 duas
461 2071 606 2114 quater
652 2062 774 2116 super
817 2062 1039 2115 aequalem
1086 2064 1274 2117 pulueris
1310 2063 1543 2103 carbonum
1582 2062 1792 2115 quantita-

177 2133 262 2166 tem
301 2125 342 2164 in
380 2125 534 2166 balneo
571 2140 721 2167 arenae
768 2127 817 2168 ad
863 2127 1092 2168 ficcitatem
1139 2127 1329 2169 abstraxi.
1416 2126 1551 2167 Porro
1596 2127 1789 2167 eiusdem

179 2189 286 2230 aceti
327 2191 468 2231 xncias·
507 2189 626 2242 duas,
662 2205 737 2246 per
775 2191 837 2243 se,
873 2193 914 2232 id
952 2192 1025 2244 cst,
1062 2192 1143 2234 fine
1181 2192 1415 2233 carbonum
1452 2190 1687 2243 additione,
1724 2200 1792 2230 to-

180 2254 313 2294 tidem
363 2254 527 2295 xicibus
573 2268 627 2296 cx
673 2256 827 2297 balneo
865 2270 1013 2298 arenae
1050 2258 1100 2299 ad
1136 2257 1366 2300 siccitatem
1402 2256 1598 2297 euocaui.
1685 2254 1789 2296 lnde

179 2318 405 2375 sequentes
441 2318 598 2361 institui
636 2320 980 2364 obseruationes:
1769 2380 1788 2434 >

1720 2393 1756 2421 ι.
