2003 2700
655 116 805 158 -·’-
838 126 991 183 (131)
1024 141 1173 156 --

134 249 339 296 correctio
383 248 472 289 iure
506 245 555 287 fit
587 244 840 298 negligenda
862 272 875 295 ,
933 243 1049 297 quod
1084 241 1196 283 haud
1232 241 1289 281 ita
1324 240 1488 294 pridem
1525 254 1611 282 non
1649 244 1721 284 de-

136 318 305 358 fuerunt
341 313 412 365 qui
448 318 660 364 negarent.
728 307 860 361 Quod
898 306 926 344 fi
961 306 1076 344 secus
1114 307 1395 357 reperiretur,
1442 305 1469 344 fi
1507 317 1720 359 praeterea

131 376 338 433 proiectio
372 375 529 428 figurae
566 372 776 426 ellipticae
813 368 1046 410 conformis
1083 368 1247 420 vulgari
1285 382 1370 408 non
1406 369 1589 410 multum
1625 372 1723 412 esset

131 440 361 490 difficilior,
397 439 497 478 huic
533 436 690 489 absque
727 435 857 485 dubio
892 433 962 473 illa
999 431 1109 472 foret
1143 431 1426 473 anteferenda.
1499 434 1722 488 Quamob-

94 512 95 516 ’
129 518 220 545 rem
243 532 257 555 9
312 515 417 555 quae
461 503 545 542 hoc
590 512 768 540 examen
804 496 1034 537 instituenti
1070 496 1176 535 mihi
1213 497 1249 536 se
1288 495 1567 549 obtulerunt,
1622 512 1721 539 cum

127 567 364 609 Academia
401 564 716 605 communicare
753 570 928 601 conatus
965 559 1072 610 sum,
1115 572 1177 611 ac⁷
1213 560 1241 599 fi
1277 560 1315 600 ei
1351 561 1569 613 placuerit,
1599 577 1721 616 argu-

129 631 260 672 menti
298 628 437 669 huius'
460 627 850 678 continuationem,
902 624 1150 678 tabulasque
1188 623 1287 664 huic
1323 623 1397 664 fini
1432 625 1721 680 inseruientes,

127 695 206 736 alia
241 691 459 733 occasione
494 702 751 744 proponam.

320 831 589 884 Hypothefin
627 830 791 870 secutus
828 830 916 870 sum
952 829 1211 882 ellipticam:
1251 837 1414 869 ceterae
1449 830 1582 882 enim,
1620 844 1721 885 quas

127 895 379 937 Meridianis
416 894 610 934 nonnulli
647 894 900 943 tribuerunt,
938 893 1113 945 figurae,
1150 892 1307 932 etiamfi
1345 893 1507 934 fortasse
1543 896 1720 948 propius

127 960 178 1000 ad
215 969 403 998 naturam
439 958 705 1007 accederent,
741 957 798 996 ob
836 957 1046 996 calculum
1082 956 1207 994 nimis
1244 957 1461 1008 prolixum
1498 958 1723 1000 huiusmo-

127 1022 169 1061 di
206 1023 277 1061 vix
311 1020 582 1061 admitterent
617 1019 972 1073 disquisitionem.
1059 1018 1286 1058 Rationem
1332 1021 1475 1060 axium
1522 1022 1719 1076 supposui

124 1097 234 1135 eam,
272 1096 395 1136 quam
431 1082 631 1123 Neuconus
665 1097 687 1124 a
722 1084 855 1137 priori
894 1082 1263 1133 demonstrauerat.,
1297 1095 1402 1136 quae
1426 1096 1599 1138 quoque
1620 1099 1718 1127 cum

124 1146 490 1188 obseruationibus
526 1147 666 1199 postea
701 1147 894 1187 institutis
930 1146 1022 1186 satis
1067 1147 1301 1198 conuenit,
1355 1147 1542 1201 ideoque
1577 1150 1619 1189 in
1656 1159 1721 1190 ta-

123 1209 225 1251 bulis
269 1211 395 1250 etiam
439 1210 702 1262 astronomicis
751 1201 1058 1263 Berolinenfibus
1103 1209 1180 1249 fuit
1224 1210 1423 1251 adhibita.
1511 1210 1717 1254 Ceterum

123 1273 194 1314 hic
239 1273 401 1314 nonnisi
447 1273 497 1312 de
543 1273 875 1326 proiectionibus
921 1274 1010 1312 usui
1055 1275 1347 1326 geographico
1390 1275 1714 1318 inseruientibus

122 1349 244 1389 agere
289 1336 395 1376 mihi
438 1336 703 1391 propositum
739 1337 809 1378 est.
877 1336 1006 1378 Vnde
1043 1350 1064 1378 a
1098 1337 1363 1392 proiectione
1387 1339 1716 1395 stereographt‘ca

123 1412 339 1440 exeamus.

288 1502 528 1586 Proieffio
561 1535 949 1602 stereographica
979 1538 1158 1602 polaris
1189 1537 1271 1588 seu
1307 1540 1540 1604 parallela.

313 1649 347 1702 ᾗ.
391 1663 429 1689 2.
497 1652 664 1693 Haecce
710 1654 917 1707 proiecstio
962 1656 1157 1694 omnium
1191 1655 1484 1708 fimpliciflima
1521 1656 1711 1698 adhiberi

121 1719 281 1751 tantum
334 1713 474 1764 solet7
530 1715 600 1754 ubi
651 1716 1020 1770 Hemisphaerium
1069 1718 1240 1759 boreale
1277 1721 1344 1760 vel
1380 1721 1585 1773 australe,
1640 1732 1711 1763 aut

123 1776 302 1825 quodvis
348 1778 530 1829 denique
575 1779 839 1832 segmentum
883 1783 1030 1835 polare
1075 1783 1129 1822 est
1165 1784 1505 1826 construendum.
1593 1785 1705 1826 Situs

121 1837 330 1888 Sphaerae
368 1840 582 1893 tribuitur,
623 1856 747 1896 quem
772 1845 918 1885 dicunt
933 1845 1157 1898 sphaeram
1181 1847 1437 1899 parallelam.
1508 1850 1707 1890 Horizon

123 1912 273 1952 nempe
308 1904 376 1943 vel
414 1905 552 1945 tabula
588 1908 859 1959 proieftionis
896 1910 950 1949 est
986 1911 1069 1964 ipse
1100 1911 1339 1962 Acquaror,
1376 1911 1532 1953 Zenith
1555 1922 1597 1952 et
1618 1914 1707 1954 Na·

121 1962 184 2001 dir
219 1963 282 2003 seu
321 1969 469 2007 oculus
507 1982 602 2008 cum
639 1971 750 2024 polis
788 1974 1060 2014 conueniunt.
1145 1974 1208 2015 Sit
1241 1976 1382 2028 itaque
1420 1975 1456 2017 C
1494 1977 1703 2031 Sphaerae
1742 1993 1829 2029 Tab.
1858 1998 1880 2030 L

119 2035 344 2083 Centrum,
378 2032 472 2071 AB
511 2034 715 2075 diameter
750 2037 1006 2090 Aequatoris
1030 2068 1042 2089 ‚
1078 2036 1108 2078 P
1146 2038 1269 2093 polus
1307 2040 1511 2093 eleuatus,
1552 2043 1701 2083 oculus
1740 2044 1814 2092 Fig.
1843 2057 1866 2079 1.

117 2088 157 2126 in
198 2087 255 2138 O,
293 2099 335 2129 et
367 2093 418 2132 M
452 2098 649 2148 punt‘tum
690 2101 976 2155 quodcunque
1014 2103 1323 2156 projiciendum
1361 2106 1402 2144 iu
1441 2119 1491 2145 m.
1562 2105 1700 2147 Facile

114 2151 196 2191 iam
243 2163 387 2204 patet,
440 2160 717 2208 proiectiones
764 2165 1102 2221 Meridianorum
1149 2168 1238 2205 fore
1274 2167 1404 2208 lineas
1441 2171 1603 2220 resim,
1657 2172 1699 2209 in

113 2216 268 2267 punCto
307 2215 342 2256 C
380 2217 445 2257 seu
482 2221 571 2280 poli
604 2227 865 2277 proiee'tionc
903 2230 940 2268 se
978 2231 1295 2283 inter-secantes,
1331 2231 1402 2272 sub
1438 2233 1589 2273 iisdem
1628 2247 1700 2272 an·

896 2291 932 2331 R
970 2305 993 2329 2
1567 2295 1693 2347 gulis,
