2003 2700
689 165 854 189 ·-—-—-·
887 147 1008 204 (87)
1040 166 1192 190 ———-—-··

160 267 226 308 his
270 264 382 305 enim
424 261 606 305 inuentis
649 262 971 304 innumerabilia
1005 263 1298 305 Theoremata
1333 266 1460 306 condi
1504 273 1738 320 poterunt,

159 328 308 381 quibus
353 327 542 369 vniuersa
573 326 767 379 Analyfis
802 339 890 368 non
924 326 1198 368 mediocriter
1240 328 1494 382 locupletati
1528 330 1606 370 erit
1641 343 1740 371 cen-

154 391 290 431 scnda.
333 407 336 410 ⁴

328 517 379 570 ⁴§.
421 530 458 558 2.
527 517 743 573 Quoniam
786 519 915 572 igitur
949 518 1033 559 hoc
1068 518 1202 558 modo
1237 530 1317 572 pro
1356 517 1549 572 quolibet
1588 531 1738 560 nume-

153 593 200 620 ro
235 593 258 620 n
294 581 438 621 ambae
482 582 645 622 litterae
674 588 704 634 p
740 591 782 621 et
815 595 838 633 q
872 581 1059 622 infinitos
1094 582 1260 622 valores
1308 583 1495 635 recipere
1536 584 1734 635 possunt,

152 652 247 684 ante
282 645 424 685 omnia
460 644 530 694 hic
565 644 779 685 obseruari
815 645 1050 696 conuenit,
1103 657 1253 684 omnes
1290 645 1369 685 hos
1404 645 1733 686 innumerabiles

151 705 262 745 casu-s
298 708 462 759 semper
495 707 545 748 ad
581 719 805 747 numerum
839 707 1016 748 finitum*
1039 708 1398 761 reuocari'poss‘e.
1449 708 1733 762 Quantumuis

147 769 262 808 enim
298 770 437 822 magni
472 771 635 821 numeri
671 784 749 823 pro
785 771 936 811 litteris
966 778 995 824 p
1020 780 1074 811 et
1106 784 1129 823 q
1165 770 1453 824 accipiantur„
1507 784 1582 811 eos
1619 771 1733 811 casus

148 831 310 884 semper
345 833 394 872 ad
430 833 535 883 alios
570 835 774 872 reducere
809 834 933 883 licet,
969 836 1011 873 in
1047 834 1201 886 quibus
1237 835 1402 874 numeri
1431 840 1565 887 petq
1603 847 1733 888 quan-

148 895 263 934 titate
298 907 321 934 n
357 894 485 934 futuri
521 895 598 934 sint
633 896 843 935 diminuti.
911 897 1011 936 Hoc
1053 896 1182 948 igitur
1225 898 1358 937 modo
1403 910 1551 937 omnes
1589 898 1735 937 huius-

148 958 264 996 modi
301 957 413 1010 casus
451 958 622 1007 tandem*
656 971 709 998 eo
744 959 886 1010 redigi,
914 969 1149 1011 poterunt,
1191 969 1237 998 vt
1271 959 1397 999 ambo
1435 961 1598 999 numeri
1628 967 1657 1012 p
1679 969 1735 1000 ‘et

144 1033 168 1071 q
201 1019 308 1059 infra
343 1028 631 1072 exponentem
664 1033 690 1060 n
725 1020 1044 1074 deprimantur3
1088 1021 1212 1060 vnde'
1236 1035 1315 1074 pro
1337 1022 1549 1074 'quolibet
1583 1036 1732 1075 nume-

143 1095 192 1122 ro
229 1095 252 1122 n
286 1094 360 1122 eos
405 1092 566 1123 tantum
603 1083 715 1123 casus
753 1084 1021 1125 considerasse
1056 1083 1266 1136 sufficiet,
1321 1085 1472 1137 quibus
1507 1085 1672 1126 litterae
1701 1093 1731 1138 p

146 1155 187 1184 et
221 1158 244 1196 q
288 1146 473 1185 minores
517 1144 683 1185 valores
730 1148 934 1200 recipiant
984 1141 1108 1199 quam
1143 1159 1192 1198 n,
1244 1147 1314 1187 vel
1349 1147 1493 1187 saltem
1530 1149 1644 1189 hunc
1680 1149 1732 1188 li—

145 1209 292 1247 mitem
329 1222 413 1248 non
450 1208 657 1261 superent.
723 1210 821 1250 Hoc
855 1211 990 1262 igitur·
1018 1211 1151 1250 modo
1187 1224 1266 1263 pro
1304 1211 1458 1263 quouis
1494 1224 1673 1252 numero
1707 1224 1731 1251 n

143 1272 372 1311 multitudo
410 1270 575 1310 casuum
599 1300 610 1320 .,
667 1273 737 1324 qui
773 1273 815 1312 in
852 1283 1103 1325 computum
1139 1274 1346 1324 veniunt,
1388 1283 1442 1313 et
1479 1287 1586 1327 quos
1620 1276 1730 1314 inter

142 1334 181 1374 se
217 1335 451 1387 comparari
487 1344 692 1388 oportet,
726 1335 893 1389 prorsus
931 1336 1010 1375 erit
1046 1336 1335 1386 determinata.

331 1471 365 1524 ᾗ.
405 1484 445 1519 3.
516 1471 889 1526 Quemadmodum
929 1484 1068 1514 autem
1105 1474 1173 1514 ista
1213 1474 1399 1513 reduc‘fio
1436 1473 1668 1514 litterarum
1698 1480 1728 1526 p

141 1543 182 1574 et
216 1546 239 1585 q
273 1534 321 1574 ad
360 1547 560 1575 numeros
597 1538 802 1577 continuo
840 1538 1024 1576 minores
1061 1538 1214 1577 institui
1253 1530 1431 1587 debeat,
1468 1549 1725 1590 quamquam

140 1598 181 1636 id
219 1598 309 1638 1atis
346 1598 386 1637 in
423 1599 573 1651 vulgus
610 1599 665 1639 est
698 1611 848 1640 notum
870 1630 882 1651 ‚
941 1611 1078 1640 tamen
1116 1601 1165 1640 ad
1204 1600 1430 1641 formulam
1467 1599 1726 1653 praesentem

140 1663 475 1702 accommodaffe
519 1663 694 1702 iuuabit.
779 1663 992 1706 statuatur
1035 1663 1194 1704 scilicet
1237 1665 1341 1705 haec
1388 1663 1577 1704 formula
1612 1664 1726 1717 alge-

139 1753 298 1796 braica:
334 1754 388 1796 xP
406 1755 449 1808 (1
465 1781 511 1786 -
528 1727 636 1810 xnyg
656 1772 716 1798 Ξ
736 1756 813 1809 V,
850 1759 1014 1811 eritque

327 1841 1049 1907 IVzplx-l—g-lQ—xn),

135 1926 233 1966 hinc
273 1929 599 1972 differentiando
1279 1973 1282 1977 .

330 2001 415 2044 &V
450 2004 1651 2067 *pax—qxflffl&x—pr—(p-mqflnbx

356 2079 397 2118 V
560 2096 591 2121 x
778 2097 795 2120 1
820 2109 867 2114 —-
885 2085 936 2124 κη
1236 2098 1267 2123 x
1287 2084 1330 2135 (Ι
1354 2109 1402 2113 —-—
1418 2087 1492 2136 κη)

135 2149 206 2189 vbi
250 2149 275 2188 fi
314 2163 385 2202 per
420 2152 463 2192 V
506 2156 836 2210 multiplicemus
880 2171 927 2199 ac
952 2172 1058 2213 ·per1
1090 2168 1229 2213 partes
1272 2157 1561 2212 integremus,
1608 2159 1721 2199 orie-

140 2222 207 2252 tur
239 2213 308 2253 ista
344 2217 566 2268 aequatio:

1659 2067 1673 2092 2

1595 2282 1721 2322 V:
