2003 2700
679 137 1203 193 ·-·-(235>-····

158 256 300 311 portio
342 254 452 293 inter
495 251 710 294 filamenta
754 253 895 293 annuli
943 266 1116 307 quoque
1152 261 1194 293 et
1227 265 1303 306 per
1339 251 1545 296 foramina
1579 254 1669 295 eius
1705 256 1748 296 in

160 317 419 362 interstitium
454 317 667 363 valuulare
702 315 876 370 refugit,
918 317 960 355 in
996 330 1136 369 eoque
1172 316 1210 356 se
1247 316 1479 358 abscondit.
1549 319 1631 364 Hic
1661 318 1750 360 san·

157 383 282 437 guis,
335 381 436 421 dum
487 380 654 432 systoles
708 389 903 433 tempore
949 381 1166 429 musculus
1203 380 1469 422 interstitium
1505 383 1750 443 contrahit,

155 445 409 500 exprimitur
442 445 484 486 in
521 454 682 500 partem
719 444 971 495 ventralem‚
1008 445 1119 484 vnde
1158 445 1330 485 caeteris
1370 455 1458 486 tum
1484 446 1599 487 fibris
1621 460 1750 501 porro

154 509 196 549 in
243 508 484 550 arteriosam
536 518 699 563 partem
751 517 794 548 et
842 508 883 547 in
920 508 1115 548 arteriam
1151 510 1443 562 pulmonalcm
1481 511 1749 565 propellitur.

154 573 302 627 Atque
355 573 459 615 haec
509 573 683 629 propria
733 572 943 627 imprimis
995 573 1120 614 huius
1159 574 1342 615 musculi
1379 574 1537 616 funfflo
1574 577 1653 617 effe
1687 577 1751 618 vi-

157 638 290 678 detur.

627 763 869 804 Pulmonalis
896 765 1122 817 posterioris
1156 763 1273 804 αὲἵίο.

345 856 611 898 Pulmonalis
658 858 866 911 posterior
908 859 949 898 in
995 858 1119 899 strato
1165 859 1340 911 medio,
1391 859 1475 901 fine
1513 863 1750 905 contractor

154 920 252 963 coni
290 922 472 962 arteriosi
508 922 749 974 posterior,
803 923 998 975 egregius
1043 923 1293 976 validusque
1331 932 1374 963 et
1408 926 1596 966 constans
1634 939 1750 967 mus-

153 985 305 1034 culus,
361 994 478 1025 ortus
524 985 574 1025 ab
620 986 847 1025 adducam-e
885 987 1034 1026 maiori
1071 988 1126 1038 a)
1163 987 1212 1026 ad
1251 986 1358 1027 bafin
1395 990 1492 1028 coni
1529 992 1747 1043 arteriofi,

150 1049 249 1088 inde
290 1048 556 1088 transuerfim
597 1049 639 1088 in
683 1049 903 1102 posteriori
949 1050 1073 1090 huius
1119 1050 1276 1103 pariete
1314 1052 1364 1092 ad
1400 1052 1508 1093 latus
1544 1053 1746 1095 finistrum

151 1125 285 1164 vsque
322 1113 551 1164 productus
587 1111 668 1164 h),
714 1123 852 1154 totum
890 1115 976 1154 fere
1012 1115 1135 1154 illum
1172 1115 1270 1154 coni
1305 1116 1509 1168 parietem
1544 1118 1749 1171 posterio-

150 1189 240 1217 rem
293 1186 488 1229 occupat.
572 1175 807 1217 Dimidiam
855 1190 958 1231 ergo
1005 1178 1281 1232 posteriorem
1329 1180 1426 1220 coni
1468 1191 1631 1235 partem
1678 1185 1746 1224 sua

150 1240 312 1281 afflone
347 1239 577 1288 contrahit,
615 1251 658 1281 et
694 1241 926 1282 contribuit
962 1255 1065 1296 ergo
1102 1244 1151 1283 ad
1189 1243 1476 1286 validissimam
1513 1247 1611 1286 coni
1643 1260 1747 1288 con-

149 1303 418 1354 strictionem,
458 1316 562 1357 quae
598 1305 797 1345 omnibus
834 1304 948 1345 fibris
986 1307 1089 1360 fere,
1127 1320 1232 1362 quae
1268 1307 1463 1349 vltimam
1499 1309 1605 1350 hanc
1643 1324 1746 1351 ven-

148 1367 288 1409 triculi
322 1375 486 1422 partem
522 1377 688 1422 tegunt,
725 1368 919 1410 efficitur.

785 1495 941 1538 Aortici
983 1496 1099 1539 αέῗὶο.

339 1589 560 1643 Αοηίωε,
597 1603 619 1631 a
653 1594 917 1634 cona-actore
953 1594 1159 1634 interstitii
1193 1593 1426 1637 vuluularis
1464 1606 1599 1650 ortus,
1631 1599 1744 1639 fimi-

142 1652 264 1706 ·lique
312 1652 398 1694 fere
434 1668 532 1695 cum
569 1667 621 1695 eo
658 1656 921 1709 directione,
973 1649 1235 1699 transuerfim
1272 1673 1425 1714 nempe
1461 1675 1540 1715 pro
1575 1664 1744 1705 orificio

148 1717 309 1757 venoso
331 1747 343 1767 .,
395 1719 535 1759 versus
572 1730 731 1760 aortam
765 1723 994 1775 productus
1032 1724 1106 1775 c),
1158 1723 1338 1764 fimilem
1374 1726 1500 1766 etiam
1538 1740 1635 1768 cum
1672 1742 1747 1769 eo-

147 1781 245 1821 dem
281 1783 488 1823 actiouem
524 1794 710 1835 exercet,
747 1785 1013 1827 interstitium
1048 1787 1264 1828 valuulare
1293 1789 1602 1845 contrahendo.
1657 1793 1747 1833 Dc-

146 1845 245 1884 inde
290 1847 339 1885 ad
384 1847 617 1888 vniuersam
663 1850 790 1903 partis
828 1851 1005 1891 bafilaris
1043 1853 1376 1893 contraCtionem
1416 1855 1596 1895 multum
1638 1870 1748 1910 quo-

150 1920 230 1960 que
267 1909 464 1961 confert,
519 1925 598 1963 qua
633 1914 810 1966 angulus
847 1914 1005 1956 scilicet
1038 1917 1265 1957 ventriculi
1302 1927 1342 1957 et
1378 1928 1466 1959 tota
1503 1933 1597 1973 pars
1643 1921 1747 1962 bass-

145 1972 242 2012 laris
278 1973 327 2012 ad
365 1986 521 2014 conum
555 1978 803 2018 arteriosum
839 1981 1076 2021 adducitur.

920 2076 957 2119 G
980 2091 1007 2131 g
1046 2090 1068 2115 2
1629 2081 1666 2123 A
1671 2082 1745 2123 c72'0

178 2158 1726 2189 M&

222 2208 274 2250 a)
325 2206 413 2240 Tab.
441 2209 513 2241 Vlll
554 2222 580 2244 Z.

220 2254 269 2299 h)
323 2256 397 2290 Tab
433 2257 523 2292 vni.
558 2259 588 2293 h.
616 2263 638 2298 ῑ.
665 2262 696 2299 k.

219 2306 262 2353 c)
317 2307 401 2342 Tab.
433 2307 520 2343 Vlll.
556 2308 577 2343 l.
605 2323 649 2346 m.
