2003 2700
627 240 1167 288 HISTOIRE.
1639 250 1690 297 5'5

110 359 247 417 quiuis
296 359 453 413 absque
498 357 617 398 omni
661 356 910 398 difficultate
957 366 1146 397 cremato
1192 358 1391 400 frumenti
1427 360 1598 402 demere
1633 361 1699 403 in-

106 435 271 479 gratum
306 424 487 464 odorem
522 430 564 463 et
598 420 791 476 saporem
826 421 1017 475 sequenti
1051 421 1187 461 modo
1224 424 1372 464 valeat.

201 520 340 562 Libris
387 517 615 560 duodecim
660 518 833 558 cremati
879 517 1081 557 frumenti
1128 515 1301 570 lagenae
1343 521 1550 571 operculo
1587 521 1698 563 clau-

297 583 458 623 dendae
494 581 707 632 immistis,
743 580 849 621 libra
882 592 963 621 vna
999 581 1233 622 carbonum
1276 581 1411 634 probe
1454 586 1698 626 exustorum

296 655 339 685 et
374 646 414 685 in
450 646 671 697 puluerem
705 644 972 685 redac'torum
1007 644 1238 685 adiiciatur.
1300 645 1445 686 Mistio
1481 647 1583 687 haec
1622 663 1697 702 per

299 710 405 749 duos
450 708 519 749 vel
556 718 637 749 tres
677 707 764 748 dies
802 707 976 748 subinde
1011 708 1147 761 probe
1184 710 1481 761 concuffetur‚
1522 711 1697 752 deinde-

297 785 378 826 que
414 782 498 813 tam
537 772 608 812 diu
647 772 788 826 quiete
824 770 1072 825 seponatur,
1111 774 1249 813 donec
1284 773 1573 826 perspexeris„
1611 788 1698 815 cre-

296 845 459 877 matum
502 836 670 890 pulueri
715 835 947 876 carbonum
983 837 1033 877 ad
1071 836 1250 877 fundum
1286 837 1509 877 subsidenti
1554 839 1696 892 super-

293 910 436 939 natans
458 927 472 950 ,
522 899 691 952 prorsus
729 899 888 939 clarum
923 899 1086 939 euafiffe
1109 927 1122 950 ,
1173 901 1217 939 id
1256 901 1372 952 quod
1407 914 1482 954 per
1518 903 1695 944 duarum

297 963 462 1002 circiter
496 962 813 1002 hebdomadum
850 961 1026 1013 spatium
1063 962 1154 1002 fieri
1189 962 1318 1011 solet3
1359 977 1445 1017 quo
1466 965 1574 1007 facto
1604 979 1696 1007 cre-

293 1033 456 1064 matum
493 1024 738 1064 decantetur
772 1022 1055 1077 filtreturque.

296 1120 604 1173 Simpliciffima
644 1121 723 1162 hac
768 1121 1012 1161 tractatione
1056 1134 1113 1162 ex
1156 1122 1388 1163 duodecim
1426 1125 1599 1165 cremati
1648 1125 1700 1165 li-

105 1185 191 1225 bris
227 1196 384 1224 novem
420 1184 612 1224 eiusdem
650 1184 896 1226 obtinentur
931 1184 1087 1236 librae,
1123 1186 1258 1226 odore
1294 1187 1463 1239 ingrato
1498 1197 1541 1227 et
1577 1189 1699 1229 colo-

107 1261 151 1288 re
188 1247 330 1298 flauo,
369 1259 495 1300 quem
530 1260 551 1287 a
588 1248 712 1288 doliis
735 1276 747 1298 .,
783 1248 825 1286 in
863 1248 1014 1300 quibus
1053 1248 1264 1303 seruatur,
1301 1251 1519 1304 acquirere
1557 1251 1697 1305 solet,

104 1323 191 1352 non
225 1311 379 1364 priuati
415 1319 570 1351 tantam
592 1338 605 1363 ⁷
640 1310 710 1351 sed
746 1310 920 1351 iucundi
955 1311 1096 1351 etiam.

297 1405 486 1449 Cremati
529 1406 654 1447 huius
702 1407 807 1448 dic‘ta
849 1407 1012 1448 ratione
1059 1408 1250 1462 deputati
1286 1407 1398 1451 haud
1436 1423 1584 1464 parum
1621 1425 1694 1453 au-

102 1479 224 1525 getur
267 1469 479 1522 suauitas,
531 1471 631 1510 dum
675 1471 774 1511 iusta
811 1470 966 1512 sachari
1003 1471 1086 1514 albi
1122 1472 1364 1525 puluerisati
1402 1477 1610 1527 quantitas
1650 1477 1693 1516 in

102 1547 158 1574 eo
203 1533 470 1583 dissoluant,
523 1534 565 1573 in
612 1547 692 1586 qua
747 1535 920 1587 quidem
971 1535 1294 1576 edulcoratione
1347 1536 1503 1577 sachari
1556 1540 1694 1591 loco,

103 1597 199 1651 mel?
228 1610 399 1651 quoque
436 1597 579 1638 album
613 1597 856 1638 substituere
892 1599 1024 1649 iicet,
1060 1612 1108 1639 ea
1143 1609 1283 1640 tamen
1321 1601 1568 1642 conditione
1591 1632 1604 1654 7
1647 1614 1695 1643 vt

103 1661 188 1701 mel
223 1674 302 1701 vna
338 1674 434 1701 cum
471 1661 701 1702 carbonum
736 1662 913 1715 puluere
949 1663 1166 1703 adiiciatur
1202 1674 1390 1705 cremato
1412 1693 1425 1716 ‚
1462 1677 1558 1705 cum
1582 1696 1595 1717 .,
1649 1674 1696 1707 vt

102 1725 145 1765 in
197 1725 338 1778 priore
390 1724 541 1765 lllustri
583 1725 840 1767 Academiae
886 1725 1165 1767 Scientiarum
1215 1727 1355 1769 oblata
1407 1728 1692 1770 differt-atione

103 1788 299 1841 ostendi,
351 1789 429 1829 hac
472 1789 737 1842 encheirefi,
791 1790 876 1830 mel
919 1790 1096 1844 proprio
1132 1790 1207 1831 suo
1251 1792 1468 1832 nonnullis
1514 1794 1693 1835 aduerso

103 1854 239 1893 odore
275 1855 505 1906 saporeque
542 1863 626 1894 tam
662 1853 845 1907 persedie
884 1867 1056 1907 quoque
1092 1856 1306 1907 priuetur‚
1341 1866 1411 1907 vt,
1447 1856 1549 1897 fitne
1586 1857 1695 1897 mcl-

104 1916 153 1956 lis
198 1929 280 1969 ope
328 1929 377 1956 an
423 1916 577 1957 sachari
616 1916 823 1957 beneficio
862 1915 965 1959 fadi-a
999 1919 1292 1970 edulcoratio,
1340 1922 1587 1973 neutiquam
1626 1922 1690 1960 di-

107 1979 247 2030 gnosci
282 1979 427 2033 poffit3
464 1981 596 2032 adde,
635 1983 748 2034 quod
787 1992 974 2022 cremato
1013 1982 1111 2022 huic
1146 1983 1215 2023 vel
1251 1982 1421 2024 sacham
1457 1984 1526 2023 vel
1564 1985 1690 2024 melle

104 2040 344 2083 dulcificato
382 2043 720 2098 carbonibusque
757 2045 985 2099 deputato,
1013 2046 1147 2086 maior
1182 2047 1320 2087 adhuc
1358 2048 1575 2087 conciliari
1612 2062 1692 2100 po-

107 2104 181 2143 test
216 2107 443 2147 amoenitas
471 2135 483 2158 ,
534 2108 560 2148 fi
596 2109 699 2149 illud
737 2122 812 2162 per
848 2110 1011 2163 aliquot
1045 2121 1212 2165 tempus
1251 2111 1390 2165 baccis
1426 2125 1466 2152 v.
1505 2125 1540 2151 e.
1578 2111 1690 2152 sorbi

106 2169 350 2222 aucupari-ae
384 2170 530 2211 aliisue
567 2171 939 2227 superinfunditur.

299 2261 542 2305 Crematum
579 2267 627 2306 ab
664 2278 981 2320 empyreumate
1018 2268 1090 2309 suo
1128 2270 1326 2310 liberatur
1362 2269 1521 2321 etiam„
1574 2271 1599 2308 ,ἦ
1641 2271 1689 2307 {i-

105 2325 188 2365 bris
227 2325 455 2367 duodecim
490 2330 633 2370 vuciae
671 2340 831 2371 tantum
869 2343 949 2373 tres
986 2333 1175 2385 puiueris
1213 2335 1445 2374 carbonum
1490 2336 1690 2374 adiician-

1595 2407 1687 2449 tur,
