2003 2700
658 157 809 175 --
844 141 996 197 (275)
1030 161 1181 175 --

131 265 264 312 1788.
303 253 374 310 8.)
409 253 724 298 obseruationes
759 255 1002 297 numerosas
1039 255 1238 309 exposuit
1271 256 1312 295 in
1347 255 1471 296 variis
1497 256 1711 299 montium

126 322 320 365 tractibus
354 321 590 372 institutas,
635 320 786 374 quibus
823 319 1192 361 transmutationes
1231 329 1434 361 terrarum
1471 321 1710 363 confirmat.

125 387 193 429 Sic
235 386 362 427 etiarn
405 385 472 426 Ill.
509 383 669 427 Comes
706 382 940 436 Gregorius
978 382 1279 424 Razumowski
1315 384 1471 436 gallico
1507 385 1711 427 idiomate

122 450 255 492 edidit
288 449 533 493 Tentamen
568 449 622 491 de
657 445 967 490 transitionibus
1003 447 1273 488 mineralium
1309 447 1533 503 (1786.)-

310 606 510 658 Nobiliss'.
548 608 599 649 de
638 604 781 649 Carofi
817 606 1027 650 exercitus
1063 606 1322 662 reipublicae
1357 607 1583 662 polonicae
1614 623 1713 651 cen-

118 671 232 713 turio
266 681 310 713 et
342 673 551 714 Academ.
595 670 876 713 Scientiarum
912 671 1256 725 Petropolitanae
1301 681 1346 711 vt
1381 683 1534 713 vocant
1569 687 1714 715 corre·

117 735 361 789 spondens,
417 737 489 790 qui
525 736 888 777 transmutationis
933 736 1202 776 mineralium
1239 748 1471 789 corporum
1507 748 1561 777 ex
1596 751 1711 778 acer-

115 798 232 839 rimis
270 798 562 838 defensoribus
600 798 671 848 est,
708 808 802 837 ante
839 798 1015 851 aliquod
1053 808 1220 852 tempus
1256 799 1515 840 Academiae
1552 800 1714 841 obtulit

120 862 321 915 quasdam
365 862 488 902 series
525 861 722 901 foffilium
758 870 802 901 et
835 861 1181 915 petrefac'torum,
1218 856 1327 903 circa
1356 861 1611 904 Cracouiam
1648 865 1710 905 le·

118 926 218 976 stas,
255 939 278 966 e
316 926 466 978 quibus
503 924 716 965 tranfitum
752 924 1009 975 Pyromachi
1045 926 1086 965 in
1118 924 1479 978 Chalcedonium‚
1518 926 1710 969 Calcarei

115 989 265 1042 lapidis
299 989 342 1028 in
379 988 570 1040 Silicem,
596 987 835 1041 Porphyrei
870 988 914 1028 in
949 988 1334 1041 Amygdaloidem,
1354 990 1582 1044 iaspidem,
1602 992 1713 1033 Tra-

113 1052 298 1105 pezitem
344 1053 433 1092 imo
478 1052 522 1092 in
571 1048 778 1092 Basal'rem
814 1063 975 1106 vsque,
1027 1053 1286 1108 tandemque
1324 1052 1453 1108 Gypfi
1489 1056 1707 1096 cuiusdam

113 1116 155 1155 in
193 1114 536 1156 Chalcedonium
571 1115 627 1156 ita
663 1115 832 1157 elucere
867 1115 1118 1169 praesumit,
1152 1127 1198 1158 vt
1231 1131 1306 1169 ea,
1344 1131 1450 1171 quae
1486 1119 1538 1159 de
1575 1128 1709 1161 trans·

114 1179 419 1220 mutationibus
474 1180 742 1220 mineralium
785 1181 828 1220 in
874 1181 963 1221 eius
1007 1181 1170 1235 scriptis
1207 1181 1290 1236 (*)
1334 1182 1548 1236 proposita
1582 1183 1708 1236 sunt,

114 1243 372 1284 Academiae
413 1243 511 1283 inde
557 1243 832 1298 comprobari
881 1245 997 1298 poffe
1042 1247 1241 1299 speraret.
1325 1246 1459 1287 Erant
1493 1248 1706 1300 omnino,

116 1308 230 1360 quod
265 1307 351 1361 ipse
386 1306 635 1359 affirmabat,
669 1308 764 1361 plus
800 1309 940 1349 minus
976 1309 1028 1349 ad
1065 1308 1382 1359 Pyromachum
1418 1310 1488 1351 vel
1525 1309 1709 1353 Chalce-

117 1371 312 1422 donium‚
346 1371 418 1411 vel
452 1371 503 1412 ad
539 1372 769 1412 calcaream
804 1382 994 1414 naturam
1029 1373 1303 1414 accedentes:
1342 1372 1568 1415 Calcareus
1589 1375 1708 1415 vide-

114 1434 214 1474 licet
256 1435 446 1485 filicem,
490 1448 566 1488 per
607 1435 739 1476 varias
773 1436 943 1477 vmbras
979 1436 1263 1490 Pyrornachi,
1301 1438 1415 1479 calce
1450 1438 1628 1491 imbuti,
1663 1440 1708 1479 in

112 1512 266 1551 purum
304 1499 460 1538 filicem
498 1499 760 1539 transeuntis.
829 1500 1056 1554 Supererat
1091 1510 1232 1542 autem
1269 1503 1311 1542 in
1347 1503 1412 1542 his
1450 1503 1708 1556 gradationi-

116 1562 190 1602 bus
229 1562 403 1602 dubium
443 1575 529 1603 non
565 1560 686 1604 facile
725 1564 1000 1617 diluendum,
1040 1579 1089 1606 an
1125 1565 1261 1607 filicea
1295 1566 1523 1621 specimina
1558 1568 1708 1621 grada-

113 1626 229 1666 tione
266 1636 308 1666 et
342 1628 688 1668 transmutatione
725 1637 858 1669 terrae
895 1628 1105 1670 calcareae
1141 1630 1184 1670 in
1220 1630 1402 1671 filiceam
1439 1641 1547 1681 orta,
1577 1632 1707 1672 inter·

113 1691 338 1744 mediaque
387 1691 430 1730 in
482 1692 591 1733 varia
643 1693 1005 1734 transmutationis
1051 1695 1232 1747 periodo
1279 1695 1536 1749 deprehensa
1570 1694 1707 1736 videri

114 1753 325 1795 debeant?
381 1767 487 1795 anne
529 1756 669 1809 potius
711 1757 918 1810 principia
964 1759 1285 1811 composstionis
1324 1759 1536 1800 variorum
1576 1760 1707 1814 speci-

113 1819 275 1858 minum
322 1819 560 1872 primordio
607 1820 674 1860 tali
721 1823 1002 1875 proportione
1039 1833 1171 1863 mixta
1206 1833 1248 1863 et
1284 1823 1448 1877 semper
1483 1824 1578 1864 talia
1616 1823 1707 1863 suc-

113 1881 226 1928 rint‚·
267 1884 381 1933 quod
425 1896 574 1924 eorum
610 1885 758 1939 opinio
795 1886 882 1939 est,
920 1887 991 1941 qui
1028 1889 1400 1929 transmutationes
1437 1888 1706 1929 mineralium

113 1945 362 2000 impugnare
407 1956 560 1988 amant.

834 2077 948 2118 Mm
988 2091 1011 2117 2
1598 2079 1706 2134 Spe-

190 2244 268 2292 (*)
319 2245 429 2280 Ueber
468 2243 521 2279 die
559 2247 756 2297 Eutstehung
794 2249 851 2284 der
891 2248 994 2285 Kiesel
1033 2248 1099 2286 und
1137 2247 1231 2288 Reisc
1269 2248 1370 2285 durch
1397 2252 1502 2298 einige
1529 2251 1707 2286 Provinzen

315 2301 465 2336 Pohlens.
493 2308 522 2340 8.
