2003 2700
141 284 219 327 mis
246 281 307 334 α),
346 288 515 333 tegunt3
551 278 614 318 vti.
643 288 685 318 et
721 279 924 318 addue'mr
958 280 1131 320 arteriae
1168 280 1450 332 pulmonalis„
1492 293 1569 334 qua
1606 291 1719 328 parte

138 349 270 388 flexus
307 343 568 384 transuersim
603 341 644 381 in
681 343 876 382 arteriosa
910 350 1026 393 parte
1061 344 1357 394 progreditur,
1410 344 1569 384 nonnisi
1606 356 1720 385 ante-

139 411 293 450 riorem
330 408 427 447 coni
463 405 645 447 arrcriofi
681 403 944 458 superficiem
980 415 1183 456 occupatg
1229 404 1282 456 b)
1338 408 1574 448 constrictio
1612 421 1719 460 quo-

135 483 216 524 que
252 471 378 522 partis
416 468 659 519 arteriosae,
695 478 783 508 tum
821 466 1229 508 infundibuliformis
1253 478 1341 507 tum
1371 471 1468 520 conj
1507 472 1715 522 arterioffi

114 533 294 574 ‘nonnifi
338 532 597 585 incompleta
640 531 702 572 h'is
749 531 864 571 fibris
909 529 1015 570 strati
1062 532 1190 571 medii
1229 529 1426 573 'effi'cit'uh
1502 534 1620 588 Quae
1665 537 1714 576 ad

129 596 329 636 venos-am
364 606 510 636 contra
544 605 704 648 partem
739 594 868 634 fibrae
902 594 1140 647 pertinent,
1179 596 1395 647 angulares
1426 598 1633 637 veum-ales
1672 609 1714 638 et

131 659 356 709 bafilares,
407 668 541 698 totam
586 670 678 697 eam
722 666 884 710 partem
929 670 1014 696 non
1050 658 1183 697 modo
1220 652 1449 698 transuersa
1485 661 1712 702 direffione

114 726 307 774 ‘tegunt3
360 719 429 760 sed
463 721 575 760 vltro
611 720 926 773 progrediendo
963 720 1192 761 dil-estione
1222 718 1378 761 >eadem
1414 722 1523 762 haud
1566 737 1711 776 paruas

116 784 268 837 'paffim
303 786 522 836 portiones
561 792 772 833 occupant
806 783 932 833 parti‘s
969 782 1202 822 arreriofae.
1238 808 1242 811 <
1273 785 1340 824 Sic
1378 784 1567 827 bafilares
1612 789 1713 827 dum

116 851 260 886 'totam
304 845 518 885 bafilarem
562 843 823 896 superficiem
869 844 1010 884 εΧαέὶε
1055 846 1318 886 transuerfim
1360 860 1440 900 pro
1476 849 1541 888 axi
1567 854 1713 890 'veno-

125 908 190 949 sae
234 909 358 962 partis
405 916 686 960 percurrunt,
737 916 868 946 totam
914 907 1190 959 posteriorem
1233 910 1495 962 superficiem
1542 926 1710 967 quoque

127 973 224 1011 coni
261 970 442 1011 arteriofi
478 966 625 1009 eadem
661 970 888 1009 direstione
925 975 1085 1022 tegunt.
1130 972 1179 1022 c)
1247 973 1315 1013 Sic
1352 974 1596 1026 angulares,
1649 977 1711 1030 ip-

126 1034 276 1086 saeque
321 1031 529 1073 ventrales
574 1031 616 1071 in
659 1041 821 1084 partem
863 1032 1309 1075 infundibuliformem
1358 1049 1491 1089 vsque
1543 1038 1710 1079 adscen-

126 1097 245 1137 dunt.
281 1096 336 1147 d)
403 1095 616 1135 Maiorem
653 1108 756 1148 ergo
791 1104 952 1149 partem
989 1097 1130 1148 potius
1165 1099 1388 1140 ventriculi
1426 1100 1553 1141 fibrae
1590 1103 1710 1153 istae,

126 1171 253 1212 quam
297 1157 426 1198 solam
461 1158 659 1198 venosam
684 1187 697 1209 .,
750 1169 791 1198 et
826 1159 1082 1199 contrahunt
1124 1163 1386 1202 transuerfim
1423 1177 1500 1216 pro
1537 1166 1603 1205 axi
1639 1179 1713 1206 ve·

125 1222 248 1262 nosae
283 1222 409 1273 partis
432 1230 474 1260 et
492 1221 706 1260 adducunt
740 1223 788 1262 ad
827 1235 985 1261 conum
1021 1223 1265 1264 arteriosum
1295 1235 1337 1265 et
1370 1227 1583 1267 orificium
1616 1242 1711 1269 ver-

124 1284 189 1324 sus
225 1283 396 1324 arteriae
431 1283 703 1335 pulmonalis.
771 1284 830 1322 Et
849 1286 1108 1338 completam
1143 1287 1272 1339 igitur
1299 1290 1504 1329 affionem
1540 1291 1581 1331 in
1616 1305 1710 1344 par-

116 1357 211 1386 'tem
245 1345 443 1386 venosam
479 1359 564 1386 non
599 1347 733 1386 modo
769 1345 1098 1401 sanguinemque
1134 1350 1337 1390 venosum
1378 1363 1601 1406 exercent,
1638 1355 1708 1395 sed

121 1408 246 1462 super
279 1409 463 1461 aliquam
498 1409 718 1449 arteriosae
754 1411 880 1462 partis
916 1412 1162 1463 portionem
1198 1427 1371 1467 quoque
1414 1424 1456 1455 et
1498 1417 1704 1470 sanguinis

121 1473 164 1512 in
200 1485 247 1512 ea
283 1471 473 1512 contenti
509 1472 615 1511 hanc
650 1472 779 1523 suam,
803 1473 961 1513 venoso
991 1473 1176 1527 sanguini
1212 1479 1477 1532 applicatam,
1498 1482 1705 1522 affionem

122 1535 372 1575 extendunt.
443 1533 538 1588 Qua
581 1544 725 1576 contra
769 1548 875 1589 opus
921 1537 976 1576 est
1019 1538 1069 1577 ad
1114 1540 1417 1591 expellendum
1461 1543 1704 1597 sanguinem

123 1611 177 1637 ex
212 1597 407 1638 arteriosa
440 1606 557 1649 parte
591 1599 633 1637 in
669 1599 860 1639 arteriam
895 1601 1211 1653 pulmonalem‚
1263 1606 1314 1644 ad
1349 1618 1441 1645 eam
1478 1607 1704 1650 conferunt

124 1661 296 1713 quidem
334 1660 489 1710 fibra-e,
524 1660 630 1702 hanc
664 1672 825 1716 partem
862 1672 1051 1717 tegentes
1088 1667 1367 1722 transuersae,
1418 1671 1593 1712 minime
1629 1686 1701 1714 ve·

121 1736 170 1764 ro
206 1735 296 1763 eam
334 1722 574 1778 perficiunt.

857 1901 888 1942 F
911 1901 934 1942 f
961 1916 983 1952 3
1499 1907 1700 1952 Externae

123 2039 1704 2065 Ἣ

194 2106 240 2150 a)
294 2104 377 2139 Tab.
403 2108 477 2141 VII.
503 2119 533 2154 q.
559 2121 583 2142 r.
607 2121 631 2144 s·
657 2119 681 2146 t,

192 2168 239 2211 b)
296 2167 382 2203 Tab.
411 2169 484 2201 VII.
509 2171 541 2203 h.
569 2172 588 2202 i.
614 2171 643 2205 b.
670 2172 699 2207 k.

194 2229 238 2274 c)
290 2230 372 2263 Tab.
400 2231 487 2265 VIII
525 2244 551 2265 Ζ.
579 2233 610 2268 h.
637 2236 655 2268 ἰ.
682 2236 711 2273 k,
739 2247 782 2271 W.
808 2249 840 2284 g.

192 2290 242 2337 d)
296 2292 379 2327 Tab.
406 2294 483 2328 vn.
510 2296 550 2328 λ’.
576 2295 597 2329 l.
624 2308 653 2342 g.
678 2300 710 2333 h.
740 2311 763 2333 1.
792 2313 825 2344 y.
850 2313 883 2347 p.
