<?xml version="1.0" encoding="UTF-8"?>
<!DOCTYPE html PUBLIC "-//W3C//DTD XHTML 1.0 Transitional//EN"
    "http://www.w3.org/TR/xhtml1/DTD/xhtml1-transitional.dtd">
<html xmlns="http://www.w3.org/1999/xhtml" xml:lang="en" lang="en">
 <head>
  <title>
</title>
<meta http-equiv="Content-Type" content="text/html;charset=utf-8" />
  <meta name='ocr-system' content='tesseract 3.04.00' />
  <meta name='ocr-capabilities' content='ocr_page ocr_carea ocr_par ocr_line ocrx_word'/>
</head>
<body>
  <div class='ocr_page' id='page_1' title='image "./novaactaacademia05impe_0346.png"; bbox 0 0 2003 2700; ppageno 0'>
   <div class='ocr_carea' id='block_1_1' title="bbox 807 192 961 205">
    <p class='ocr_par' dir='ltr' id='par_1_1' title="bbox 807 192 961 205">
     <span class='ocr_line' id='line_1_1' title="bbox 807 192 961 205; baseline 0 0"><span class='ocrx_word' id='word_1_1' title='bbox 807 192 961 205; x_wconf 95' lang='lat' dir='ltr'> </span> 
     </span>
    </p>
   </div>
   <div class='ocr_carea' id='block_1_2' title="bbox 994 175 1336 232">
    <p class='ocr_par' dir='ltr' id='par_1_2' title="bbox 994 175 1336 232">
     <span class='ocr_line' id='line_1_2' title="bbox 994 175 1336 232; baseline 0 -1"><span class='ocrx_word' id='word_1_2' title='bbox 994 175 1149 232; x_wconf 79' lang='lat'><strong>(2³6)</strong></span> <span class='ocrx_word' id='word_1_3' title='bbox 1183 191 1336 208; x_wconf 86' lang='grc'><strong>-</strong></span> 
     </span>
    </p>
   </div>
   <div class='ocr_carea' id='block_1_3' title="bbox 809 206 961 216">
    <p class='ocr_par' dir='ltr' id='par_1_3' title="bbox 809 206 961 216">
     <span class='ocr_line' id='line_1_3' title="bbox 809 206 961 216; baseline 0 2484"><span class='ocrx_word' id='word_1_4' title='bbox 809 206 961 216; x_wconf 95' lang='lat' dir='ltr'> </span> 
     </span>
    </p>
   </div>
   <div class='ocr_carea' id='block_1_4' title="bbox 1184 209 1335 219">
    <p class='ocr_par' dir='ltr' id='par_1_4' title="bbox 1184 209 1335 219">
     <span class='ocr_line' id='line_1_4' title="bbox 1184 209 1335 219; baseline 0 2481"><span class='ocrx_word' id='word_1_5' title='bbox 1184 209 1335 219; x_wconf 95' lang='lat' dir='ltr'> </span> 
     </span>
    </p>
   </div>
   <div class='ocr_carea' id='block_1_5' title="bbox 577 289 1571 347">
    <p class='ocr_par' dir='ltr' id='par_1_5' title="bbox 577 289 1571 347">
     <span class='ocr_line' id='line_1_5' title="bbox 577 289 1571 347; baseline 0.003 -13"><span class='ocrx_word' id='word_1_6' title='bbox 577 290 694 334; x_wconf 68' lang='lat' dir='ltr'>Amo</span> <span class='ocrx_word' id='word_1_7' title='bbox 718 289 923 343; x_wconf 82' lang='lat' dir='ltr'>fibrarum</span> <span class='ocrx_word' id='word_1_8' title='bbox 947 293 1018 345; x_wconf 82' lang='lat' dir='ltr'>fili</span> <span class='ocrx_word' id='word_1_9' title='bbox 1052 292 1312 347; x_wconf 66' lang='lat' dir='ltr'>cartilagine}</span> <span class='ocrx_word' id='word_1_10' title='bbox 1347 293 1571 337; x_wconf 67' lang='lat' dir='ltr'>anterioris.</span> 
     </span>
    </p>
   </div>
   <div class='ocr_carea' id='block_1_6' title="bbox 265 369 1887 754">
    <p class='ocr_par' dir='ltr' id='par_1_6' title="bbox 265 369 1887 754">
     <span class='ocr_line' id='line_1_6' title="bbox 457 369 1885 430; baseline 0.005 -18"><span class='ocrx_word' id='word_1_11' title='bbox 457 369 662 427; x_wconf 89' lang='lat' dir='ltr'>Denique</span> <span class='ocrx_word' id='word_1_12' title='bbox 698 372 828 414; x_wconf 85' lang='lat' dir='ltr'>fibrae</span> <span class='ocrx_word' id='word_1_13' title='bbox 865 372 929 414; x_wconf 91' lang='lat' dir='ltr'>fili</span> <span class='ocrx_word' id='word_1_14' title='bbox 965 374 1228 430; x_wconf 84' lang='lat' dir='ltr'>cartilaginei</span> <span class='ocrx_word' id='word_1_15' title='bbox 1265 376 1488 418; x_wconf 83' lang='lat' dir='ltr'>anterioris</span> <span class='ocrx_word' id='word_1_16' title='bbox 1525 376 1610 430; x_wconf 84' lang='lat' dir='ltr'>a),</span> <span class='ocrx_word' id='word_1_17' title='bbox 1663 385 1783 419; x_wconf 81' lang='lat' dir='ltr'>ortae</span> <span class='ocrx_word' id='word_1_18' title='bbox 1828 389 1885 419; x_wconf 87' lang='lat' dir='ltr'>ex</span> 
     </span>
     <span class='ocr_line' id='line_1_7' title="bbox 265 435 1886 495; baseline 0.004 -18"><span class='ocrx_word' id='word_1_19' title='bbox 265 435 397 477; x_wconf 80' lang='lat' dir='ltr'>latere</span> <span class='ocrx_word' id='word_1_20' title='bbox 443 438 722 479; x_wconf 73' lang='lat' dir='ltr'>contrac&#39;toris</span> <span class='ocrx_word' id='word_1_21' title='bbox 767 437 977 480; x_wconf 85' lang='lat' dir='ltr'>interstitii</span> <span class='ocrx_word' id='word_1_22' title='bbox 1013 440 1274 492; x_wconf 80' lang='lat' dir='ltr'>valuularis‚</span> <span class='ocrx_word' id='word_1_23' title='bbox 1329 442 1517 495; x_wconf 86' lang='lat' dir='ltr'>indeque</span> <span class='ocrx_word' id='word_1_24' title='bbox 1553 442 1663 482; x_wconf 65' lang='lat' dir='ltr'>reeta</span> <span class='ocrx_word' id='word_1_25' title='bbox 1709 445 1795 484; x_wconf 77' lang='lat' dir='ltr'>lere</span> <span class='ocrx_word' id='word_1_26' title='bbox 1832 442 1886 484; x_wconf 87' lang='lat' dir='ltr'>ad</span> 
     </span>
     <span class='ocr_line' id='line_1_8' title="bbox 266 499 1885 561; baseline 0.004 -20"><span class='ocrx_word' id='word_1_27' title='bbox 266 499 388 541; x_wconf 87' lang='lat' dir='ltr'>filum</span> <span class='ocrx_word' id='word_1_28' title='bbox 426 501 563 543; x_wconf 87' lang='lat' dir='ltr'>flexae</span> <span class='ocrx_word' id='word_1_29' title='bbox 601 503 926 557; x_wconf 83' lang='lat' dir='ltr'>cartilagineum</span> <span class='ocrx_word' id='word_1_30' title='bbox 963 505 1182 558; x_wconf 75' lang='lat' dir='ltr'>anterius,</span> <span class='ocrx_word' id='word_1_31' title='bbox 1229 506 1270 546; x_wconf 90' lang='lat' dir='ltr'>in</span> <span class='ocrx_word' id='word_1_32' title='bbox 1307 506 1512 561; x_wconf 88' lang='lat' dir='ltr'>idemque</span> <span class='ocrx_word' id='word_1_33' title='bbox 1549 505 1725 548; x_wconf 81' lang='lat' dir='ltr'>insertae</span> <span class='ocrx_word' id='word_1_34' title='bbox 1748 536 1762 557; x_wconf 88' lang='lat'>.,</span> <span class='ocrx_word' id='word_1_35' title='bbox 1800 506 1885 548; x_wconf 86' lang='lat' dir='ltr'>hoc</span> 
     </span>
     <span class='ocr_line' id='line_1_9' title="bbox 266 564 1887 623; baseline 0.004 -17"><span class='ocrx_word' id='word_1_36' title='bbox 266 564 406 617; x_wconf 75' lang='lat' dir='ltr'>filum,</span> <span class='ocrx_word' id='word_1_37' title='bbox 442 568 626 621; x_wconf 83' lang='lat' dir='ltr'>proinde</span> <span class='ocrx_word' id='word_1_38' title='bbox 664 578 827 623; x_wconf 77' lang='lat' dir='ltr'>partem</span> <span class='ocrx_word' id='word_1_39' title='bbox 864 568 1018 611; x_wconf 87' lang='lat' dir='ltr'>orificii</span> <span class='ocrx_word' id='word_1_40' title='bbox 1055 570 1510 623; x_wconf 57' lang='lat' dir='ltr'>remon-anteriorem,</span> <span class='ocrx_word' id='word_1_41' title='bbox 1547 570 1783 612; x_wconf 72' lang='lat' dir='ltr'>:introrsum</span> <span class='ocrx_word' id='word_1_42' title='bbox 1804 579 1887 612; x_wconf 88' lang='lat' dir='ltr'>tra·</span> 
     </span>
     <span class='ocr_line' id='line_1_10' title="bbox 267 631 1885 690; baseline 0.002 -18"><span class='ocrx_word' id='word_1_43' title='bbox 267 631 402 682; x_wconf 72' lang='lat' dir='ltr'>hunt,</span> <span class='ocrx_word' id='word_1_44' title='bbox 440 643 481 672; x_wconf 91' lang='lat' dir='ltr'>ct</span> <span class='ocrx_word' id='word_1_45' title='bbox 518 633 568 674; x_wconf 85' lang='lat' dir='ltr'>ad</span> <span class='ocrx_word' id='word_1_46' title='bbox 605 634 894 674; x_wconf 80' lang='lat' dir='ltr'>ventriculum</span> <span class='ocrx_word' id='word_1_47' title='bbox 930 636 1109 690; x_wconf 82' lang='lat' dir='ltr'>propius</span> <span class='ocrx_word' id='word_1_48' title='bbox 1145 636 1377 676; x_wconf 80' lang='lat' dir='ltr'>adducunt.</span> <span class='ocrx_word' id='word_1_49' title='bbox 1449 635 1613 690; x_wconf 79' lang='lat' dir='ltr'>Quodsi</span> <span class='ocrx_word' id='word_1_50' title='bbox 1651 649 1763 677; x_wconf 90' lang='lat' dir='ltr'>nunc</span> <span class='ocrx_word' id='word_1_51' title='bbox 1801 634 1885 689; x_wconf 86' lang='lat' dir='ltr'>ipse</span> 
     </span>
     <span class='ocr_line' id='line_1_11' title="bbox 267 697 1885 754; baseline 0.002 -19"><span class='ocrx_word' id='word_1_52' title='bbox 267 698 510 737; x_wconf 69' lang='lat' dir='ltr'>contractor</span> <span class='ocrx_word' id='word_1_53' title='bbox 544 697 778 749; x_wconf 75' lang='lat' dir='ltr'>interstitii,</span> <span class='ocrx_word' id='word_1_54' title='bbox 816 699 867 739; x_wconf 87' lang='lat' dir='ltr'>ad</span> <span class='ocrx_word' id='word_1_55' title='bbox 907 712 1034 754; x_wconf 91' lang='lat' dir='ltr'>quem</span> <span class='ocrx_word' id='word_1_56' title='bbox 1072 699 1218 751; x_wconf 81' lang='lat' dir='ltr'>filum,</span> <span class='ocrx_word' id='word_1_57' title='bbox 1254 699 1338 740; x_wconf 81' lang='lat' dir='ltr'>fine</span> <span class='ocrx_word' id='word_1_58' title='bbox 1375 700 1562 740; x_wconf 84' lang='lat' dir='ltr'>anterior</span> <span class='ocrx_word' id='word_1_59' title='bbox 1599 713 1693 754; x_wconf 74' lang='lat' dir='ltr'>pars</span> <span class='ocrx_word' id='word_1_60' title='bbox 1731 698 1885 741; x_wconf 86' lang='lat' dir='ltr'>orificii</span> 
     </span>
    </p>
   </div>
   <div class='ocr_carea' id='block_1_7' title="bbox 268 760 1885 880">
    <p class='ocr_par' dir='ltr' id='par_1_7' title="bbox 268 760 1885 880">
     <span class='ocr_line' id='line_1_12' title="bbox 268 760 1884 817; baseline 0.001 -15"><span class='ocrx_word' id='word_1_61' title='bbox 268 761 528 812; x_wconf 71' lang='lat' dir='ltr'>adducitur,</span> <span class='ocrx_word' id='word_1_62' title='bbox 581 760 620 802; x_wconf 86' lang='lat' dir='ltr'>se</span> <span class='ocrx_word' id='word_1_63' title='bbox 667 763 910 810; x_wconf 84' lang='lat' dir='ltr'>contrahit;</span> <span class='ocrx_word' id='word_1_64' title='bbox 964 764 1193 804; x_wconf 71' lang='lat' dir='ltr'>addue‘tum</span> <span class='ocrx_word' id='word_1_65' title='bbox 1231 765 1282 805; x_wconf 77' lang='lat' dir='ltr'>ad</span> <span class='ocrx_word' id='word_1_66' title='bbox 1319 777 1418 804; x_wconf 90' lang='lat' dir='ltr'>eum</span> <span class='ocrx_word' id='word_1_67' title='bbox 1455 763 1669 804; x_wconf 89' lang='lat' dir='ltr'>orificium</span> <span class='ocrx_word' id='word_1_68' title='bbox 1710 775 1884 817; x_wconf 88' lang='lat' dir='ltr'>quoque</span> 
     </span>
     <span class='ocr_line' id='line_1_13' title="bbox 268 824 1885 880; baseline 0.001 -14"><span class='ocrx_word' id='word_1_69' title='bbox 268 826 417 866; x_wconf 77' lang='lat' dir='ltr'>eadem</span> <span class='ocrx_word' id='word_1_70' title='bbox 463 827 628 865; x_wconf 66' lang='lat' dir='ltr'>actione</span> <span class='ocrx_word' id='word_1_71' title='bbox 673 825 794 864; x_wconf 72' lang='lat' dir='ltr'>simul</span> <span class='ocrx_word' id='word_1_72' title='bbox 838 825 1139 878; x_wconf 85' lang='lat' dir='ltr'>complicatur.</span> <span class='ocrx_word' id='word_1_73' title='bbox 1227 824 1386 877; x_wconf 87' lang='lat' dir='ltr'>Neque</span> <span class='ocrx_word' id='word_1_74' title='bbox 1424 827 1539 864; x_wconf 90' lang='lat' dir='ltr'>enim</span> <span class='ocrx_word' id='word_1_75' title='bbox 1576 827 1617 865; x_wconf 91' lang='lat' dir='ltr'>in</span> <span class='ocrx_word' id='word_1_76' title='bbox 1655 827 1732 867; x_wconf 84' lang='lat' dir='ltr'>hac</span> <span class='ocrx_word' id='word_1_77' title='bbox 1771 837 1885 880; x_wconf 84' lang='lat' dir='ltr'>parte</span> 
     </span>
    </p>
   </div>
   <div class='ocr_carea' id='block_1_8' title="bbox 264 882 1887 1008">
    <p class='ocr_par' dir='ltr' id='par_1_8' title="bbox 264 882 1887 1008">
     <span class='ocr_line' id='line_1_14' title="bbox 268 882 1887 944; baseline 0.001 -15"><span class='ocrx_word' id='word_1_78' title='bbox 268 889 469 929; x_wconf 85' lang='lat' dir='ltr'>anteriori</span> <span class='ocrx_word' id='word_1_79' title='bbox 507 888 706 942; x_wconf 89' lang='lat' dir='ltr'>proprius</span> <span class='ocrx_word' id='word_1_80' title='bbox 743 897 787 928; x_wconf 90' lang='lat' dir='ltr'>et</span> <span class='ocrx_word' id='word_1_81' title='bbox 820 899 947 928; x_wconf 86' lang='lat' dir='ltr'>verus</span> <span class='ocrx_word' id='word_1_82' title='bbox 984 887 1141 929; x_wconf 90' lang='lat' dir='ltr'>orificii</span> <span class='ocrx_word' id='word_1_83' title='bbox 1178 886 1324 928; x_wconf 86' lang='lat' dir='ltr'>venofi</span> <span class='ocrx_word' id='word_1_84' title='bbox 1361 882 1611 929; x_wconf 66' lang='lat' dir='ltr'>constridior</span> <span class='ocrx_word' id='word_1_85' title='bbox 1638 889 1776 941; x_wconf 82' lang='lat' dir='ltr'>datur,</span> <span class='ocrx_word' id='word_1_86' title='bbox 1800 903 1887 944; x_wconf 91' lang='lat' dir='ltr'>quo</span> 
     </span>
     <span class='ocr_line' id='line_1_15' title="bbox 264 948 1838 1008; baseline 0.001 -16"><span class='ocrx_word' id='word_1_87' title='bbox 264 953 441 1005; x_wconf 78' lang='lat' dir='ltr'>systoles</span> <span class='ocrx_word' id='word_1_88' title='bbox 469 953 696 994; x_wconf 87' lang='lat' dir='ltr'>ventriculi</span> <span class='ocrx_word' id='word_1_89' title='bbox 726 962 923 1008; x_wconf 87' lang='lat' dir='ltr'>tempore</span> <span class='ocrx_word' id='word_1_90' title='bbox 955 952 1172 994; x_wconf 87' lang='lat' dir='ltr'>orificium</span> <span class='ocrx_word' id='word_1_91' title='bbox 1201 951 1311 993; x_wconf 90' lang='lat' dir='ltr'>illud</span> <span class='ocrx_word' id='word_1_92' title='bbox 1340 965 1438 994; x_wconf 84' lang='lat' dir='ltr'>vere</span> <span class='ocrx_word' id='word_1_93' title='bbox 1461 948 1838 1008; x_wconf 86' lang='lat' dir='ltr'>constringeretur.</span> 
     </span>
    </p>
   </div>
   <div class='ocr_carea' id='block_1_9' title="bbox 384 1082 1768 1204">
    <p class='ocr_par' dir='ltr' id='par_1_9' title="bbox 384 1082 1768 1204">
     <span class='ocr_line' id='line_1_16' title="bbox 384 1082 1768 1147; baseline 0.001 -23"><span class='ocrx_word' id='word_1_94' title='bbox 384 1083 478 1147; x_wconf 71' lang='lat' dir='ltr'>Qua</span> <span class='ocrx_word' id='word_1_95' title='bbox 515 1086 665 1125; x_wconf 78' lang='lat' dir='ltr'>rcm&#39;one</span> <span class='ocrx_word' id='word_1_96' title='bbox 700 1082 911 1138; x_wconf 79' lang='lat' dir='ltr'>quibusque</span> <span class='ocrx_word' id='word_1_97' title='bbox 951 1084 1134 1126; x_wconf 78' lang='lat' dir='ltr'>musculis</span> <span class='ocrx_word' id='word_1_98' title='bbox 1168 1083 1360 1136; x_wconf 79' lang='lat' dir='ltr'>orificium</span> <span class='ocrx_word' id='word_1_99' title='bbox 1397 1083 1580 1139; x_wconf 78' lang='lat' dir='ltr'>venosum</span> <span class='ocrx_word' id='word_1_100' title='bbox 1604 1082 1768 1140; x_wconf 69' lang='lat' dir='ltr'>Jjfloh’s</span> 
     </span>
     <span class='ocr_line' id='line_1_17' title="bbox 736 1148 1414 1204; baseline -0.001 -13"><span class='ocrx_word' id='word_1_101' title='bbox 736 1148 948 1191; x_wconf 77' lang='lat' dir='ltr'>ventriculi</span> <span class='ocrx_word' id='word_1_102' title='bbox 982 1156 1154 1204; x_wconf 86' lang='lat' dir='ltr'>tempore</span> <span class='ocrx_word' id='word_1_103' title='bbox 1189 1149 1414 1190; x_wconf 79' lang='lat' dir='ltr'>claudatur.</span> 
     </span>
    </p>
   </div>
   <div class='ocr_carea' id='block_1_10' title="bbox 269 1229 1889 2112">
    <p class='ocr_par' dir='ltr' id='par_1_10' title="bbox 269 1229 1889 2062">
     <span class='ocr_line' id='line_1_18' title="bbox 466 1229 1888 1286; baseline -0.001 -13"><span class='ocrx_word' id='word_1_104' title='bbox 466 1229 699 1273; x_wconf 88' lang='lat' dir='ltr'>Orificium</span> <span class='ocrx_word' id='word_1_105' title='bbox 737 1231 897 1272; x_wconf 91' lang='lat' dir='ltr'>scilicet</span> <span class='ocrx_word' id='word_1_106' title='bbox 933 1231 1140 1273; x_wconf 90' lang='lat' dir='ltr'>venosum</span> <span class='ocrx_word' id='word_1_107' title='bbox 1176 1231 1373 1286; x_wconf 79' lang='lat' dir='ltr'>singulari</span> <span class='ocrx_word' id='word_1_108' title='bbox 1411 1230 1547 1272; x_wconf 92' lang='lat' dir='ltr'>modo</span> <span class='ocrx_word' id='word_1_109' title='bbox 1585 1230 1754 1282; x_wconf 83' lang='lat' dir='ltr'>systoles</span> <span class='ocrx_word' id='word_1_110' title='bbox 1784 1243 1888 1271; x_wconf 72' lang='lat' dir='ltr'>ven-</span> 
     </span>
     <span class='ocr_line' id='line_1_19' title="bbox 270 1295 1888 1351; baseline 0 -15"><span class='ocrx_word' id='word_1_111' title='bbox 270 1295 410 1336; x_wconf 89' lang='lat' dir='ltr'>triculi</span> <span class='ocrx_word' id='word_1_112' title='bbox 449 1306 644 1351; x_wconf 89' lang='lat' dir='ltr'>tempore</span> <span class='ocrx_word' id='word_1_113' title='bbox 683 1296 907 1337; x_wconf 79' lang='lat' dir='ltr'>clauditur.</span> <span class='ocrx_word' id='word_1_114' title='bbox 980 1295 1282 1337; x_wconf 84' lang='lat' dir='ltr'>Obturationis</span> <span class='ocrx_word' id='word_1_115' title='bbox 1318 1296 1458 1349; x_wconf 80' lang='lat' dir='ltr'>aliqua</span> <span class='ocrx_word' id='word_1_116' title='bbox 1498 1295 1634 1349; x_wconf 84' lang='lat' dir='ltr'>specie</span> <span class='ocrx_word' id='word_1_117' title='bbox 1671 1296 1712 1335; x_wconf 90' lang='lat' dir='ltr'>id</span> <span class='ocrx_word' id='word_1_118' title='bbox 1750 1297 1888 1336; x_wconf 81' lang='lat' dir='ltr'>maxi-</span> 
     </span>
     <span class='ocr_line' id='line_1_20' title="bbox 269 1359 1885 1414; baseline 0.001 -14"><span class='ocrx_word' id='word_1_119' title='bbox 269 1372 339 1400; x_wconf 89' lang='lat' dir='ltr'>me</span> <span class='ocrx_word' id='word_1_120' title='bbox 377 1360 502 1413; x_wconf 87' lang='lat' dir='ltr'>fieri,</span> <span class='ocrx_word' id='word_1_121' title='bbox 549 1370 693 1402; x_wconf 81' lang='lat' dir='ltr'>natura</span> <span class='ocrx_word' id='word_1_122' title='bbox 730 1361 997 1402; x_wconf 68' lang='lat' dir='ltr'>valuularum</span> <span class='ocrx_word' id='word_1_123' title='bbox 1034 1361 1197 1411; x_wconf 72' lang='lat' dir='ltr'>docet,</span> <span class='ocrx_word' id='word_1_124' title='bbox 1236 1359 1391 1414; x_wconf 87' lang='lat' dir='ltr'>quibus</span> <span class='ocrx_word' id='word_1_125' title='bbox 1428 1359 1640 1400; x_wconf 88' lang='lat' dir='ltr'>orificium</span> <span class='ocrx_word' id='word_1_126' title='bbox 1680 1360 1784 1401; x_wconf 91' lang='lat' dir='ltr'>illud</span> <span class='ocrx_word' id='word_1_127' title='bbox 1823 1361 1885 1401; x_wconf 87' lang='lat' dir='ltr'>in-</span> 
     </span>
     <span class='ocr_line' id='line_1_21' title="bbox 270 1424 1885 1479; baseline -0.001 -13"><span class='ocrx_word' id='word_1_128' title='bbox 270 1424 469 1466; x_wconf 49' lang='lat' dir='ltr'>strum-“tum</span> <span class='ocrx_word' id='word_1_129' title='bbox 511 1425 581 1467; x_wconf 87' lang='lat' dir='ltr'>est.</span> <span class='ocrx_word' id='word_1_130' title='bbox 653 1425 823 1466; x_wconf 85' lang='lat' dir='ltr'>Deinde</span> <span class='ocrx_word' id='word_1_131' title='bbox 862 1438 986 1467; x_wconf 83' lang='lat' dir='ltr'>verus</span> <span class='ocrx_word' id='word_1_132' title='bbox 1024 1436 1066 1467; x_wconf 91' lang='lat' dir='ltr'>et</span> <span class='ocrx_word' id='word_1_133' title='bbox 1102 1424 1314 1479; x_wconf 66' lang='lat' dir='ltr'>perfectus</span> <span class='ocrx_word' id='word_1_134' title='bbox 1351 1424 1598 1465; x_wconf 67' lang='lat' dir='ltr'>constristor</span> <span class='ocrx_word' id='word_1_135' title='bbox 1633 1425 1683 1465; x_wconf 84' lang='lat' dir='ltr'>ad</span> <span class='ocrx_word' id='word_1_136' title='bbox 1722 1436 1885 1478; x_wconf 82' lang='lat' dir='ltr'>partem</span> 
     </span>
     <span class='ocr_line' id='line_1_22' title="bbox 269 1488 1887 1545; baseline -0.001 -14"><span class='ocrx_word' id='word_1_137' title='bbox 269 1490 498 1531; x_wconf 70' lang='lat' dir='ltr'>ventriculi</span> <span class='ocrx_word' id='word_1_138' title='bbox 554 1490 696 1531; x_wconf 79' lang='lat' dir='ltr'>nullus</span> <span class='ocrx_word' id='word_1_139' title='bbox 750 1490 901 1531; x_wconf 82' lang='lat' dir='ltr'>existit.</span> <span class='ocrx_word' id='word_1_140' title='bbox 991 1490 1113 1545; x_wconf 80' lang='lat' dir='ltr'>Quae</span> <span class='ocrx_word' id='word_1_141' title='bbox 1160 1488 1268 1529; x_wconf 81' lang='lat' dir='ltr'>bafin</span> <span class='ocrx_word' id='word_1_142' title='bbox 1307 1489 1417 1530; x_wconf 76' lang='lat' dir='ltr'>sinus</span> <span class='ocrx_word' id='word_1_143' title='bbox 1456 1490 1691 1530; x_wconf 78' lang='lat' dir='ltr'>circumdat</span> <span class='ocrx_word' id='word_1_144' title='bbox 1726 1489 1808 1531; x_wconf 77' lang='lat' dir='ltr'>lata</span> <span class='ocrx_word' id='word_1_145' title='bbox 1844 1499 1887 1530; x_wconf 88' lang='lat' dir='ltr'>et</span> 
     </span>
     <span class='ocr_line' id='line_1_23' title="bbox 271 1553 1885 1608; baseline -0.001 -12"><span class='ocrx_word' id='word_1_146' title='bbox 271 1555 474 1596; x_wconf 87' lang='lat' dir='ltr'>notabilis</span> <span class='ocrx_word' id='word_1_147' title='bbox 514 1554 641 1596; x_wconf 76' lang='lat' dir='ltr'>fascia</span> <span class='ocrx_word' id='word_1_148' title='bbox 677 1553 764 1608; x_wconf 79' lang='lat' dir='ltr'>b),</span> <span class='ocrx_word' id='word_1_149' title='bbox 819 1556 869 1596; x_wconf 82' lang='lat' dir='ltr'>ad</span> <span class='ocrx_word' id='word_1_150' title='bbox 908 1554 1039 1595; x_wconf 85' lang='lat' dir='ltr'>sinum</span> <span class='ocrx_word' id='word_1_151' title='bbox 1078 1554 1222 1608; x_wconf 88' lang='lat' dir='ltr'>potius</span> <span class='ocrx_word' id='word_1_152' title='bbox 1260 1555 1477 1608; x_wconf 80' lang='lat' dir='ltr'>pertinet,</span> <span class='ocrx_word' id='word_1_153' title='bbox 1532 1567 1673 1608; x_wconf 74' lang='lat' dir='ltr'>quae,</span> <span class='ocrx_word' id='word_1_154' title='bbox 1725 1554 1885 1595; x_wconf 78' lang='lat' dir='ltr'>etiamsi</span> 
     </span>
     <span class='ocr_line' id='line_1_24' title="bbox 270 1617 1889 1669; baseline 0 -9"><span class='ocrx_word' id='word_1_155' title='bbox 270 1619 486 1661; x_wconf 88' lang='lat' dir='ltr'>orificium</span> <span class='ocrx_word' id='word_1_156' title='bbox 524 1622 706 1661; x_wconf 87' lang='lat' dir='ltr'>omnino</span> <span class='ocrx_word' id='word_1_157' title='bbox 743 1620 907 1661; x_wconf 69' lang='lat' dir='ltr'>afflone</span> <span class='ocrx_word' id='word_1_158' title='bbox 945 1619 1012 1661; x_wconf 79' lang='lat' dir='ltr'>sna</span> <span class='ocrx_word' id='word_1_159' title='bbox 1050 1619 1301 1669; x_wconf 71' lang='lat' dir='ltr'>clauderet,</span> <span class='ocrx_word' id='word_1_160' title='bbox 1355 1633 1439 1660; x_wconf 91' lang='lat' dir='ltr'>non</span> <span class='ocrx_word' id='word_1_161' title='bbox 1477 1632 1532 1660; x_wconf 89' lang='lat' dir='ltr'>eo</span> <span class='ocrx_word' id='word_1_162' title='bbox 1569 1629 1707 1660; x_wconf 80' lang='lat' dir='ltr'>tamen</span> <span class='ocrx_word' id='word_1_163' title='bbox 1746 1619 1786 1659; x_wconf 94' lang='lat' dir='ltr'>id</span> <span class='ocrx_word' id='word_1_164' title='bbox 1827 1617 1889 1660; x_wconf 83' lang='lat' dir='ltr'>fa-</span> 
     </span>
     <span class='ocr_line' id='line_1_25' title="bbox 272 1683 1887 1740; baseline -0.001 -14"><span class='ocrx_word' id='word_1_165' title='bbox 272 1695 388 1726; x_wconf 89' lang='lat' dir='ltr'>ceret</span> <span class='ocrx_word' id='word_1_166' title='bbox 425 1696 641 1740; x_wconf 82' lang='lat' dir='ltr'>tempore,</span> <span class='ocrx_word' id='word_1_167' title='bbox 679 1698 767 1739; x_wconf 90' lang='lat' dir='ltr'>quo</span> <span class='ocrx_word' id='word_1_168' title='bbox 804 1685 1051 1739; x_wconf 82' lang='lat' dir='ltr'>sanguinem</span> <span class='ocrx_word' id='word_1_169' title='bbox 1092 1684 1209 1724; x_wconf 80' lang='lat' dir='ltr'>{unm</span> <span class='ocrx_word' id='word_1_170' title='bbox 1248 1684 1510 1725; x_wconf 83' lang='lat' dir='ltr'>ventriculus</span> <span class='ocrx_word' id='word_1_171' title='bbox 1532 1684 1726 1738; x_wconf 83' lang='lat' dir='ltr'>expellit.</span> <span class='ocrx_word' id='word_1_172' title='bbox 1797 1683 1887 1725; x_wconf 85' lang='lat' dir='ltr'>Ne-</span> 
     </span>
     <span class='ocr_line' id='line_1_26' title="bbox 272 1748 1884 1805; baseline -0.001 -15"><span class='ocrx_word' id='word_1_173' title='bbox 272 1763 355 1805; x_wconf 87' lang='lat' dir='ltr'>que</span> <span class='ocrx_word' id='word_1_174' title='bbox 395 1761 535 1791; x_wconf 86' lang='lat' dir='ltr'>tamen</span> <span class='ocrx_word' id='word_1_175' title='bbox 582 1750 704 1791; x_wconf 90' lang='lat' dir='ltr'>nullo</span> <span class='ocrx_word' id='word_1_176' title='bbox 749 1750 884 1789; x_wconf 83' lang='lat' dir='ltr'>modo</span> <span class='ocrx_word' id='word_1_177' title='bbox 930 1748 1144 1788; x_wconf 85' lang='lat' dir='ltr'>orificium</span> <span class='ocrx_word' id='word_1_178' title='bbox 1197 1749 1450 1802; x_wconf 80' lang='lat' dir='ltr'>angustatur.</span> <span class='ocrx_word' id='word_1_179' title='bbox 1539 1748 1585 1789; x_wconf 91' lang='lat' dir='ltr'>ld</span> <span class='ocrx_word' id='word_1_180' title='bbox 1641 1748 1884 1802; x_wconf 79' lang='lat' dir='ltr'>marginalis</span> 
     </span>
     <span class='ocr_line' id='line_1_27' title="bbox 272 1813 1885 1868; baseline -0.002 -12"><span class='ocrx_word' id='word_1_181' title='bbox 272 1816 494 1856; x_wconf 83' lang='lat' dir='ltr'>musculus</span> <span class='ocrx_word' id='word_1_182' title='bbox 535 1816 682 1866; x_wconf 78' lang='lat' dir='ltr'>docet,</span> <span class='ocrx_word' id='word_1_183' title='bbox 721 1815 790 1868; x_wconf 89' lang='lat' dir='ltr'>qui</span> <span class='ocrx_word' id='word_1_184' title='bbox 830 1813 917 1854; x_wconf 86' lang='lat' dir='ltr'>sere</span> <span class='ocrx_word' id='word_1_185' title='bbox 955 1814 1184 1866; x_wconf 78' lang='lat' dir='ltr'>contiguus</span> <span class='ocrx_word' id='word_1_186' title='bbox 1223 1814 1298 1854; x_wconf 83' lang='lat' dir='ltr'>filo</span> <span class='ocrx_word' id='word_1_187' title='bbox 1337 1814 1615 1867; x_wconf 80' lang='lat' dir='ltr'>cartilagineo</span> <span class='ocrx_word' id='word_1_188' title='bbox 1644 1813 1885 1867; x_wconf 80' lang='lat' dir='ltr'>posteriori,</span> 
     </span>
     <span class='ocr_line' id='line_1_28' title="bbox 270 1877 1885 1935; baseline -0.002 -14"><span class='ocrx_word' id='word_1_189' title='bbox 270 1890 313 1921; x_wconf 87' lang='lat' dir='ltr'>et</span> <span class='ocrx_word' id='word_1_190' title='bbox 350 1880 574 1935; x_wconf 78' lang='lat' dir='ltr'>parallelus</span> <span class='ocrx_word' id='word_1_191' title='bbox 611 1882 687 1931; x_wconf 79' lang='lat' dir='ltr'>c),</span> <span class='ocrx_word' id='word_1_192' title='bbox 725 1879 943 1920; x_wconf 80' lang='lat' dir='ltr'>dimidiam</span> <span class='ocrx_word' id='word_1_193' title='bbox 984 1890 1145 1933; x_wconf 81' lang='lat' dir='ltr'>partem</span> <span class='ocrx_word' id='word_1_194' title='bbox 1184 1878 1452 1929; x_wconf 73' lang='lat' dir='ltr'>inferiorem,</span> <span class='ocrx_word' id='word_1_195' title='bbox 1489 1882 1557 1918; x_wconf 83' lang='lat' dir='ltr'>leu</span> <span class='ocrx_word' id='word_1_196' title='bbox 1587 1877 1885 1932; x_wconf 81' lang='lat' dir='ltr'>posteriorem,</span> 
     </span>
     <span class='ocr_line' id='line_1_29' title="bbox 273 1941 1885 1997; baseline -0.001 -12"><span class='ocrx_word' id='word_1_197' title='bbox 273 1946 425 1986; x_wconf 85' lang='lat' dir='ltr'>orificii</span> <span class='ocrx_word' id='word_1_198' title='bbox 476 1945 543 1986; x_wconf 82' lang='lat' dir='ltr'>sua</span> <span class='ocrx_word' id='word_1_199' title='bbox 588 1945 751 1986; x_wconf 64' lang='lat' dir='ltr'>nfiione</span> <span class='ocrx_word' id='word_1_200' title='bbox 797 1958 882 1986; x_wconf 89' lang='lat' dir='ltr'>non</span> <span class='ocrx_word' id='word_1_201' title='bbox 930 1944 1065 1997; x_wconf 76' lang='lat' dir='ltr'>potest</span> <span class='ocrx_word' id='word_1_202' title='bbox 1112 1957 1194 1983; x_wconf 88' lang='lat' dir='ltr'>non</span> <span class='ocrx_word' id='word_1_203' title='bbox 1244 1943 1514 1983; x_wconf 78' lang='lat' dir='ltr'>contrahere.</span> <span class='ocrx_word' id='word_1_204' title='bbox 1603 1941 1885 1996; x_wconf 78' lang='lat' dir='ltr'>Eandemque</span> 
     </span>
     <span class='ocr_line' id='line_1_30' title="bbox 275 2007 1886 2062; baseline -0.001 -12"><span class='ocrx_word' id='word_1_205' title='bbox 275 2011 485 2052; x_wconf 55' lang='lat' dir='ltr'>actionem</span> <span class='ocrx_word' id='word_1_206' title='bbox 531 2010 660 2051; x_wconf 83' lang='lat' dir='ltr'>fibrae</span> <span class='ocrx_word' id='word_1_207' title='bbox 699 2019 902 2050; x_wconf 77' lang='lat' dir='ltr'>exercent</span> <span class='ocrx_word' id='word_1_208' title='bbox 936 2008 997 2049; x_wconf 81' lang='lat' dir='ltr'>fili</span> <span class='ocrx_word' id='word_1_209' title='bbox 1036 2008 1295 2062; x_wconf 71' lang='lat' dir='ltr'>cartilaginei</span> <span class='ocrx_word' id='word_1_210' title='bbox 1335 2008 1579 2062; x_wconf 72' lang='lat' dir='ltr'>posterioris</span> <span class='ocrx_word' id='word_1_211' title='bbox 1615 2008 1694 2060; x_wconf 77' lang='lat' dir='ltr'>d).</span> <span class='ocrx_word' id='word_1_212' title='bbox 1765 2007 1886 2061; x_wconf 75' lang='lat' dir='ltr'>Ergo</span> 
     </span>
    </p>

    <p class='ocr_par' dir='ltr' id='par_1_11' title="bbox 1809 2074 1886 2112">
     <span class='ocr_line' id='line_1_31' title="bbox 1809 2074 1886 2112; baseline 0.013 -1"><span class='ocrx_word' id='word_1_213' title='bbox 1809 2074 1886 2112; x_wconf 86' lang='lat' dir='ltr'>du-</span> 
     </span>
    </p>
   </div>
   <div class='ocr_carea' id='block_1_11' title="bbox 281 2160 1893 2180">
    <p class='ocr_par' dir='ltr' id='par_1_12' title="bbox 281 2160 1893 2180">
     <span class='ocr_line' id='line_1_32' title="bbox 281 2160 1893 2180; baseline 0.002 -13"><span class='ocrx_word' id='word_1_214' title='bbox 281 2160 1893 2180; x_wconf 84' lang='lat'>..-..——--——-———--—————-—-—--—-——————-</span> 
     </span>
    </p>
   </div>
   <div class='ocr_carea' id='block_1_12' title="bbox 350 2213 1284 2413">
    <p class='ocr_par' dir='ltr' id='par_1_13' title="bbox 350 2213 1284 2413">
     <span class='ocr_line' id='line_1_33' title="bbox 351 2213 730 2263; baseline -0.005 -11"><span class='ocrx_word' id='word_1_215' title='bbox 351 2217 403 2263; x_wconf 77' lang='lat' dir='ltr'>a)</span> <span class='ocrx_word' id='word_1_216' title='bbox 454 2217 537 2252; x_wconf 77' lang='lat' dir='ltr'>Tab,</span> <span class='ocrx_word' id='word_1_217' title='bbox 576 2213 669 2250; x_wconf 75' lang='lat' dir='ltr'>Vlll.</span> <span class='ocrx_word' id='word_1_218' title='bbox 699 2230 730 2250; x_wconf 89' lang='lat' dir='ltr'>n.</span> 
     </span>
     <span class='ocr_line' id='line_1_34' title="bbox 350 2265 1284 2310; baseline 0 -8"><span class='ocrx_word' id='word_1_219' title='bbox 350 2266 398 2307; x_wconf 76' lang='lat' dir='ltr'>b)</span> <span class='ocrx_word' id='word_1_220' title='bbox 455 2269 538 2301; x_wconf 73' lang='lat' dir='ltr'>lab.</span> <span class='ocrx_word' id='word_1_221' title='bbox 570 2267 596 2301; x_wconf 81' lang='lat' dir='ltr'>ll</span> <span class='ocrx_word' id='word_1_222' title='bbox 638 2278 687 2305; x_wconf 63' lang='lat'>20.</span> <span class='ocrx_word' id='word_1_223' title='bbox 719 2279 764 2308; x_wconf 62' lang='grc' dir='ltr'>ῃ.</span> <span class='ocrx_word' id='word_1_224' title='bbox 794 2278 843 2310; x_wconf 74' lang='lat'>34.</span> <span class='ocrx_word' id='word_1_225' title='bbox 895 2268 978 2302; x_wconf 84' lang='lat' dir='ltr'>Tab.</span> <span class='ocrx_word' id='word_1_226' title='bbox 1011 2269 1064 2306; x_wconf 79' lang='grc' dir='ltr'>ΙΙΙ,</span> <span class='ocrx_word' id='word_1_227' title='bbox 1093 2268 1147 2306; x_wconf 82' lang='grc'>86,</span> <span class='ocrx_word' id='word_1_228' title='bbox 1174 2268 1206 2302; x_wconf 87' lang='lat' dir='ltr'>L.</span> <span class='ocrx_word' id='word_1_229' title='bbox 1236 2265 1284 2302; x_wconf 77' lang='grc' dir='ltr'>Μ.</span> 
     </span>
     <span class='ocr_line' id='line_1_35' title="bbox 350 2317 810 2362; baseline 0 -9"><span class='ocrx_word' id='word_1_230' title='bbox 350 2324 395 2362; x_wconf 76' lang='lat' dir='ltr'>t)</span> <span class='ocrx_word' id='word_1_231' title='bbox 450 2319 537 2352; x_wconf 61' lang='lat' dir='ltr'>lob.</span> <span class='ocrx_word' id='word_1_232' title='bbox 568 2320 576 2350; x_wconf 93' lang='grc' dir='ltr'>Ι</span> <span class='ocrx_word' id='word_1_233' title='bbox 612 2345 617 2350; x_wconf 96' lang='grc'><em>.</em></span> <span class='ocrx_word' id='word_1_234' title='bbox 648 2317 676 2352; x_wconf 84' lang='lat' dir='ltr'>b.</span> <span class='ocrx_word' id='word_1_235' title='bbox 705 2320 732 2352; x_wconf 70' lang='lat' dir='ltr'>l».</span> <span class='ocrx_word' id='word_1_236' title='bbox 763 2330 810 2361; x_wconf 80' lang='grc'>27.</span> 
     </span>
     <span class='ocr_line' id='line_1_36' title="bbox 352 2369 780 2413; baseline -0.002 -9"><span class='ocrx_word' id='word_1_237' title='bbox 352 2369 376 2404; x_wconf 82' lang='lat' dir='ltr'>d</span> <span class='ocrx_word' id='word_1_238' title='bbox 454 2370 536 2404; x_wconf 63' lang='grc' dir='ltr'>Ταῦ.</span> <span class='ocrx_word' id='word_1_239' title='bbox 567 2370 620 2407; x_wconf 63' lang='lat' dir='ltr'>lx.</span> <span class='ocrx_word' id='word_1_240' title='bbox 650 2380 696 2413; x_wconf 86' lang='lat'>25.</span> <span class='ocrx_word' id='word_1_241' title='bbox 726 2375 780 2405; x_wconf 73' lang='lat'>20.</span> 
     </span>
    </p>
   </div>
   <div class='ocr_carea' id='block_1_13' title="bbox 388 2401 400 2416">
    <p class='ocr_par' dir='ltr' id='par_1_14' title="bbox 388 2401 400 2416">
     <span class='ocr_line' id='line_1_37' title="bbox 388 2401 400 2416; baseline 0 0"><span class='ocrx_word' id='word_1_242' title='bbox 388 2401 400 2416; x_wconf 66' lang='lat' dir='ltr'><em>J</em></span> 
     </span>
    </p>
   </div>
  </div>
 </body>
</html>
