2003 2700
243 512 343 567 47·)

244 787 301 825 49
309 771 343 824 ·>

778 140 930 161 --—-
965 129 1122 185 (236)
1158 145 1310 160 —

439 253 531 294 lore
568 245 754 288 carneoli
791 244 913 287 instar
949 245 1113 298 rubro,
1149 244 1288 289 forma
1325 244 1538 301 globulari
1574 244 1698 301 super
1735 247 1851 301 gale·

438 328 490 356 na
526 311 692 367 plumbi
728 324 782 352 ex
819 310 1057 352 Poullaoen
1093 311 1392 367 innssretagnc,
1429 311 1650 364 prouincia
1674 311 1849 354 Galliae.

439 378 632 420 Vnicum
677 375 891 417 eiusmodi
929 375 1157 430 globulum
1194 377 1379 430 perfecie
1417 374 1682 430 sphaericum
1719 377 1854 417 mine·

436 456 505 485 rae
541 440 709 497 plumbi
746 441 960 492 adfixum,
994 440 1036 480 in
1075 443 1222 481 museo
1259 440 1360 480 Dni.
1396 438 1458 480 De
1490 439 1597 480 l'Isle
1631 440 1735 480 vidi.

411 507 571 550 Mincra
595 507 731 562 stanni
766 504 1031 559 crystallisata
1067 504 1383 558 (Binngraupen)
1419 505 1570 546 colore
1604 505 1763 557 rubr0,
1797 516 1853 547 ex

437 572 612 626 Anglia.

410 637 606 680 Mercurii
641 638 791 677 minem
827 635 1097 677 cinnabarina
1132 635 1175 675 in
1213 632 1356 686 Pyritc
1392 647 1415 675 e
1453 633 1515 676 St.
1553 634 1641 675 Lau
1677 634 1721 674 in
1752 645 1854 689 pro-

435 701 574 743 vincia
611 700 880 742 Normandie
919 700 1096 742 Galliae.

412 763 656 808 cinnabaris
689 766 826 803 natiua
863 765 904 801 in
943 764 1059 814 spato
1096 761 1376 813 ponderoso,
1428 774 1483 800 ex
1519 760 1735 803 Almadcn
1772 761 1854 802 Hi-

437 829 626 882 spaniae,
662 837 739 866 nec
777 837 864 865 non
901 830 956 864 ex
991 822 1227 863 Palatinam
1262 831 1306 862 et
1341 821 1548 875 Biponto.

410 892 531 946 Lapis
567 889 826 931 calaminaris
862 888 980 928 albus
1013 886 1324 938 crystallisatus,
1361 886 1564 937 crystallis
1587 887 1699 927 intus
1719 889 1851 941 cauis,

434 957 635 1010 vtrinque
675 954 929 995 tetra'c'dro-
951 952 1253 1006 pyramidatis,
1288 964 1311 992 e
1348 950 1727 993 sommersenshire
1763 953 1855 994 An-

432 1022 556 1077 gliae.
627 1017 821 1071 Crystalli
859 1019 1070 1059 calcarcae
1106 1007 1298 1057 eiusdem
1338 1015 1518 1066 formae,
1555 1015 1623 1057 sed
1644 1017 1756 1057 intus
1788 1016 1853 1057 so-

439 1087 566 1138 lidae,
601 1085 642 1125 in
680 1082 954 1135 Derbyshirc
993 1081 1276 1135 reperiuntur.
1345 1081 1438 1122 Hae
1476 1079 1614 1121 forsan
1651 1081 1852 1123 nucleum

437 1151 692 1200 formarunt,
730 1160 858 1201 quem
895 1146 1001 1201 lapis
1040 1146 1304 1187 calaminaris
1341 1145 1597 1187 incrustauit.

410 1215 581 1257 Zincum
607 1210 816 1270 spatosum-
848 1211 990 1252 album
1028 1224 1050 1251 e
1090 1210 1329 1262 Pyrenaeis.

410 1280 559 1322 Blende
594 1279 708 1319 rubri
747 1277 908 1318 coloris
951 1276 1003 1318 ad
1041 1273 1324 1316 Chatelaudin
1365 1274 1543 1317 Galliae.

409 1344 558 1387 Blende
595 1342 754 1382 coloris
799 1341 937 1381 citrini
976 1339 1173 1393 diaphani
1212 1351 1234 1379 e
1272 1339 1514 1394 Baigorrc‚
1564 1333 1851 1378 radiborzenfi

436 1422 491 1449 ex
528 1406 739 1448 Bohcmia
776 1405 958 1458 perfecte
997 1403 1156 1443 fimilis.

411 1473 679 1515 Antimom'um
722 1469 923 1523 sulphure
971 1466 1297 1508 mineralisatum
1335 1480 1358 1507 c
1395 1465 1454 1507 St.
1493 1463 1600 1507 Cruz
1636 1465 1678 1506 in
1715 1464 1853 1507 Sierra

438 1549 614 1577 morena
650 1534 889 1587 Hispaniae.

412 1600 573 1642 Minera
611 1597 773 1639 Cobalti
808 1611 864 1639 ex
899 1597 980 1650 Alp
1016 1597 1084 1637 vel
1122 1595 1209 1637 Alb
1261 1596 1301 1636 in
1357 1595 1595 1650 Arragonia
1640 1604 1682 1635 et
1725 1605 1851 1647 pyrc-

433 1665 546 1706 naeis
585 1663 824 1717 hispanicis.
894 1662 962 1703 Ex
1000 1662 1077 1702 hac
1117 1661 1275 1700 mincra
1321 1659 1459 1701 Dnus.
1494 1659 1609 1713 Bmst
1643 1659 1686 1699 iu
1724 1657 1853 1711 Pyre-

433 1730 567 1784 naeis,
603 1727 765 1771 Galliac
803 1739 937 1780 regno
975 1725 1192 1778 suble-ftis,
1231 1725 1426 1766 smaltum
1462 1724 1640 1780 parauit.

1622 2315 1855 2364 ASTRO·
