2003 2700
615 191 1148 265 His'TOIRE.
1615 232 1672 273 43

81 337 369 393 gaudentem,
405 336 638 378 attrahendi
675 336 947 390 phlogiston,
985 344 1027 374 et
1063 334 1282 388 respuendi
1319 335 1537 377 acidorum
1575 348 1678 376 con-

87 402 291 452 sortium,
335 410 378 441 et
413 401 666 441 continuatis
703 401 902 453 deinceps
941 399 1241 453 tentaminibus
1279 401 1431 440 eodem
1468 413 1576 440 anno
1613 413 1679 440 re-

86 468 195 520 peri,
233 466 434 505 carbones
472 474 647 518 propter
683 465 756 504 has
795 464 1015 517 qualitates
1053 461 1140 502 suas
1178 462 1217 500 in
1256 461 1525 510 sequentibus
1562 477 1682 518 prae-

85 531 239 585 paratis
277 529 480 570 chemicis
519 542 601 568 non
639 529 856 568 mediocre
893 526 1236 566 emolumentum
1273 525 1442 565 afferre:

192 638 259 690 1.)
328 635 374 676 In
411 620 721 690 praeparatiane
763 636 883 677 Ac-idi
917 634 1095 676 Tartari.
1163 634 1232 675 De
1277 634 1554 687 difficultate,
1602 638 1684 677 nci-

282 702 385 741 dum
432 701 516 741 hoc
561 701 770 741 methodo
808 702 1030 753 hucusque
1065 699 1208 740 vfitata
1243 701 1551 752 praeparandi,
1604 701 1686 739 iam

285 765 407 818 supra
452 765 538 805 dixi
588 764 793 804 nonnulla
838 774 880 805 et
923 766 1031 805 inter
1078 762 1312 804 Chemicos
1350 763 1443 803 satis
1482 766 1687 817 inferque

286 829 458 870 constat.
542 829 604 869 At
645 841 784 879 vero,
840 828 1002 869 adieHis
1047 826 1277 868 carbonibus
1333 827 1530 867 lixiuium
1583 827 1690 868 acidi

287 892 457 933 Tartari
494 892 786 944 euaporationi
818 891 1046 931 subieCium
1083 903 1216 943 Vsque
1253 891 1689 944 adqcrystallisationis

284 956 485 1010 punctum
537 954 871 1006 limpidissimum
923 965 966 993 et
1007 967 1136 1005 aquae
1182 953 1442 994 fimillimum
1493 955 1688 995 colorem

286 1017 488 1065 retinere,
525 1017 645 1056 nullo
682 1026 1001 1069 empyreumate
1039 1017 1344 1067 contaminari,
1381 1026 1423 1056 et
1458 1019 1687 1071 puriffimas

287 1079 478 1121 albiffimi
515 1079 672 1120 coloris
711 1079 927 1130 crystallos
964 1080 1140 1133 largiri5
1177 1081 1470 1134 experimenta
1507 1095 1573 1122 rre
1612 1084 1690 1122 do-

287 1153 501 1194 cuerunt,
554 1152 597 1183 et
641 1143 708 1183 Ill.
744 1143 1003 1184 Academiae
1039 1143 1193 1183 oblatis
1231 1144 1522 1196 crystallorum
1560 1146 1692 1199 speci-

286 1207 473 1246 minibus
518 1206 814 1259 comprobaui.
885 1207 1039 1260 Neque
1083 1220 1187 1247 vero
1231 1208 1265 1247 is
1304 1221 1408 1248 vuus
1446 1210 1501 1249 est
1539 1210 1690 1251 carbo-

289 1283 393 1310 num
436 1269 529 1309 vsus
577 1270 617 1309 in
666 1271 956 1324 praeparando
1001 1271 1085 1311 1106
1123 1271 1269 1318 acido5
1325 1281 1540 1325 praeterea
1577 1275 1690 1313 enim

287 1333 555 1387 praeparatio
592 1333 721 1384 haec,
768 1347 873 1387 quae
911 1335 1131 1387 hucusque
1168 1335 1294 1374 trium
1333 1334 1420 1375 fere
1458 1337 1693 1377 hebdoma-

289 1398 390 1438 dum
435 1396 566 1450 spatio
611 1396 770 1438 absolui
814 1398 889 1438 vix
932 1409 1130 1451 poterat,
1183 1398 1416 1439 carbonum
1478 1400 1690 1442 beneficio

290 1461 422 1501 tribus
459 1460 607 1500 diebus
643 1460 896 1513 perficitur,
933 1471 1000 1514 et,
1040 1463 1155 1514 quod
1193 1472 1311 1503 antea
1349 1463 1438 1503 fieri
1478 1458 1591 1506 nulla
1629 1479 1692 1507 m-

291 1524 409 1565 tione
451 1533 621 1577 poterat
666 1525 834 1565 acidum
882 1525 1053 1566 Tartari
1098 1538 1120 1565 e
1166 1526 1349 1567 Tartaro
1392 1529 1509 1568 crudo
1555 1542 1687 1583 aeque

290 1600 446 1641 purum
482 1600 529 1628 ac
564 1600 587 1628 e
623 1587 806 1629 Tartaro
841 1588 1028 1642 depurato
1071 1589 1303 1631 obtinetur.

124 1694 139 1759 ζ
202 1709 242 1738 2.
254 1697 300 1752 )
341 1697 388 1739 In
418 1701 724 1752 praeparatione
759 1697 906 1741 Tem-ae
932 1698 1102 1754 foliatae
1125 1698 1305 1753 Tar-zati,
1344 1714 1448 1755 quae
1484 1703 1576 1745 alba
1613 1704 1690 1745 ob-

294 1762 417 1802 tineri
455 1764 675 1810 hucusque
712 1757 794 1805 fine
831 1765 1019 1806 violenta
1045 1763 1193 1820 fusione
1230 1779 1315 1806 11011
1351 1767 1516 1819 potuit
1552 1770 1687 1820 uide,

295 1827 483 1880 partibus
529 1826 682 1867 oleofis
730 1841 878 1881 magna
913 1842 968 1868 ex
1002 1840 1117 1882 plrte
1153 1842 1227 1882 pei
1265 1830 1407 1883 ignem
1446 1831 1691 1884 destruetis,

295 1890 456 1944 egregii
489 1890 619 1946 (liuius
643 1893 955 1941 ,medicamenti
991 1893 1054 1933 vis
1090 1893 1201 1934 haud
1240 1894 1516 1936 mediocriter
1542 1897 1696 1936 minui-

297 1963 376 1993 tur.
443 1954 505 1994 At
538 1967 642 1995 vero
679 1956 910 1996 carbonum
948 1970 1031 2010 ope
1067 1957 1227 2010 absque
1264 1957 1349 1999 vlla
1386 1958 1545 2000 fusione
1584 1959 1696 2000 Ter-

267 2014 384 2059 ¹ram
419 2017 610 2059 foliatam
647 2020 814 2061 Tartari
849 2021 1102 2075 purissimam
1140 2021 1320 2061 obtinui.

204 2119 278 2174 3ζ)
344 2123 390 2164 In
438 2124 693 2178 destillatione
745 2127 860 2168 Aceti
911 2126 1034 2179 Vini,
1090 2128 1207 2169 cuius
1252 2130 1468 2171 ordinario
1504 2133 1696 2185 processu

303 2197 491 2237 quartam
528 2190 695 2230 circiter
730 2192 835 2232 aceti
873 2202 1053 2244 partem„
1080 2205 1399 2246 empyreumate
1422 2195 1700 2248 inquinatam,

302 2251 420 2301 perdi
466 2261 615 2293 notum
661 2254 728 2294 est.
815 2255 937 2296 Solet
974 2256 1145 2308 quidem
1184 2257 1339 2297 refidua
1376 2258 1445 2298 ista
1481 2272 1572 2311 pars
1610 2272 1702 2299 cm-

305 2315 610 2368 pyreumatica‚
647 2330 752 2369 quae
788 2319 1021 2372 plurimum
1058 2320 1194 2361 adhuc
1225 2321 1332 2361 acidi
1355 2322 1562 2374 continet,
1597 2326 1703 2374 aqua‘

880 2381 904 2420 f
934 2393 956 2419 2
1596 2385 1700 2425 dilui
