2003 2700
655 171 805 185 ...-
840 155 992 212 (281)
1026 171 1177 184 ,-

128 278 206 312 ret.
270 268 518 309 Memora-tu
562 266 652 310 sane
697 269 873 323 dignum
916 269 1005 320 est,
1056 278 1224 310 montes
1269 270 1376 311 adeo
1422 271 1578 312 diffitos
1614 286 1635 313 ιι
1671 274 1708 314 se

127 333 309 374 inuicem
346 333 450 373 saxis
487 345 570 372 non
606 333 764 383 modo,
800 345 949 373 verum
985 333 1111 374 etiam
1149 334 1332 386 soffiliis,
1374 345 1421 376 vt
1455 337 1509 376 ita
1546 337 1705 388 dicam,

124 397 347 450 parafiticis
383 396 636 444 conuenire;
683 409 760 437 nec
794 398 1030 449 incongrue
1067 410 1121 438 ex
1156 397 1220 437 his
1258 398 1469 439 interdum
1507 402 1554 441 ad
1592 412 1710 442 natu-

123 473 213 500 ram
248 460 373 515 ipfius
410 460 492 501 saxi
530 460 813 501 concluditur.
882 459 1160 501 Turmalinus
1197 461 1238 501 in
1267 461 1509 506 Gotthardo
1548 466 1709 506 Helue-

124 524 206 564 tiae
243 537 376 579 aeque
412 524 625 564 inuenitur
658 538 704 565 ac
740 526 782 565 in
817 524 1024 576 Tyrolia.,
1078 526 1119 565 in
1155 526 1374 567 montibus
1416 527 1709 582 salisburgen-

123 588 233 629 fibus
269 598 311 629 et
345 587 560 641 granitofis
598 589 844 641 pyrenaeis,
880 587 922 628 in
959 586 1126 629 Castilia
1162 589 1408 643 Hispanica.,
1443 602 1486 632 et
1519 593 1572 633 fic
1609 608 1710 648 poi·-

123 665 189 692 ro.
256 651 378 691 Plura
412 650 607 703 exempla
642 652 683 690 in
720 650 989 704 sequentibus
1025 653 1256 704 adducam,
1303 667 1408 707 quae
1445 656 1547 696 dum
1581 659 1709 711 patri-

123 727 188 755 am
222 715 408 767 plurium
445 714 710 754 mineralium
747 715 796 754 ad
833 724 999 769 tempus
1030 715 1148 769 saepe
1169 716 1468 757 rariffimorum
1504 732 1588 760 non
1616 724 1707 761 vni-

120 790 239 828 cam,
274 777 661 829 sed'multiplicem
697 779 838 828 potius
870 779 955 816 *effe
992 779 1247 829 monstrant,
1284 780 1396 820 haud
1432 781 1706 835 spernendam

121 841 242 880 fimul
285 839 403 893 globi
447 839 655 893 terraquei
700 839 994 892 cognitionem
1037 841 1252 895 physicam
1288 843 1497 898 adaugent
1531 858 1572 887 et
1606 862 1709 902 pro—

121 913 312 946 mouent.

127 999 186 1051 1.)
253 997 438 1038 Μαιυιοι
473 996 720 1038 carrariense
755 997 872 1039 venis
910 998 1119 1041 steatiticis
1157 1001 1286 1055 nigris
1322 1002 1392 1043 vel
1426 1005 1631 1048 viridibus
1667 1018 1709 1049 et

315 1061 513 1113 ςιιγίὶιΠίε
550 1061 733 1102 minerae
770 1060 928 1104 ferreae
965 1065 1170 1106 octaedris
1206 1066 1432 1120 repletum.

125 1124 186 1178 2.)
253 1123 438 1165 Marmor
480 1125 643 1166 fiiabile
689 1126 806 1166 cuius
851 1127 1080 1181 particulae
1117 1129 1259 1184 digitis
1296 1129 1473 1185 separari
1506 1134 1706 1189 possunt,

314 1201 336 1228 e
381 1188 581 1239 crystallis
619 1189 813 1230 calcareis
870 1191 1181 1246 dodeca'e'dris,
1234 1194 1329 1235 laxe
1380 1196 1705 1241 cohaerentibus

312 1251 619 1305 compositum,
657 1266 679 1293 e
718 1252 906 1295 Carrara.

123 1313 187 1369 3.)
224 1313 439 1356 Calcareus
473 1315 815 1368 semipellucidus
838 1318 988 1359 (fuscus
1026 1318 1319 1371 (Alabastrnm
1358 1322 1592 1365 calcareum
1614 1325 1709 1367 Do-

311 1380 415 1419 rnini
453 1379 502 1419 de
538 1379 728 1433 L⁷1s1e),
765 1381 920 1423 fissuras
955 1383 1092 1437 replet
1126 1384 1167 1424 i‘n
1211 1386 1344 1440 gypso
1381 1388 1431 1428 ad
1467 1387 1708 1431 Montmar-

312 1452 389 1483 tre.
456 1441 688 1484 Polituram
734 1444 910 1486 nitidam
947 1447 1131 1487 admittit
1165 1458 1208 1489 et
1243 1449 1517 1493 conficiendis
1554 1455 1704 1495 mensis

308 1507 379 1548 vel
414 1505 565 1548 tabulis
599 1507 785 1548 inseruit.
861 1508 1080 1552 Inuenitur
1114 1512 1327 1555 interdum
1364 1513 1500 1557 forma
1536 1518 1706 1560 stalacti-

306 1572 401 1611 tica.

119 1632 184 1688 4.)
222 1633 438 1676 Calamus
464 1634 563 1688 spati
597 1635 718 1677 instar
753 1636 983 1692 diaphanus
1020 1637 1166 1681 colore
1202 1642 1417 1696 violaceo,
1454 1643 1705 1700 hexagono-

309 1699 592 1752 p1ismaticus‚
627 1713 649 1740 e
686 1700 880 1742 confiniis
916 1702 1180 1756 Arragoniae
1216 1716 1257 1746 et
1275 1707 1505 1749 valenciae
1542 1711 1582 1750 in
1604 1712 1705 1753 His-

309 1763 443 1816 panii
511 1762 728 1804 Inuenitur
762 1766 802 1804 in
840 1766 972 1819 gypso
1009 1767 1156 1819 rubro,
1193 1771 1311 1811 cuius
1348 1772 1562 1815 interstitia
1598 1775 1701 1816 bolo

305 1826 426 1866 rubra
456 1827 614 1878 repleta
645 1828 748 1868 sunt.
810 1829 1104 1871 Transuerfim
1134 1832 1322 1875 dissectus
1360 1835 1593 1890 fragmenta
1629 1841 1703 1881 tri-

310 1890 519 1941 angularia
556 1902 736 1943 quatuor
756 1892 960 1946 ostendit,
998 1897 1114 1949 apice
1150 1898 1200 1938 ad
1238 1907 1431 1939 centrum
1467 1903 1701 1944 conniuen-

310 1954 378 1991 tia.
449 1951 617 1995 Constat
653 1965 756 1998 teria
795 1959 1003 2011 calcanea,
1039 1960 1161 2001 acido
1198 1965 1322 2003 aereo
1359 1963 1556 2017 saturata,
1609 1978 1702 2010 tex·

309 2024 442 2054 turam
481 2016 678 2071 spatosam
718 2030 853 2061 tamen
886 2036 971 2063 non
1007 2023 1149 2065 habet.
1220 2023 1488 2069 carbonibus
1523 2029 1698 2074 iniectus

308 2078 452 2118 fluoris
489 2079 607 2122 instar
641 2084 975 2156 phoip‘fflioiescit.

101 2130 115 2135 '⁷
120 2139 182 2195 5¹.)
247 2138 371 2181 Fluor
412 2144 521 2183 οόῖιι
518 2145 645 2185 ’dro-
662 2149 929 2201 prismaticus
985 2151 1142 2192 coloris
1196 2153 1414 2207 caerulei,
1475 2168 1529 2198 ex
1582 2157 1698 2200 India

309 2207 515 2247 orientali.

180 2272 298 2341 Nomi
318 2301 421 2341 Atta
439 2302 568 2342 Acad.
588 2303 689 2356 Imp.
707 2305 777 2347 Sc.
796 2307 839 2347 T.
861 2307 909 2349 V.
1201 2311 1243 2351 N
1281 2325 1307 2352 n
1633 2318 1696 2370 6.)
