2003 2700
823 181 976 188 —
1010 146 1169 202 (248)
1202 163 1356 178 -—·

288 266 466 310 firmiter
499 262 689 315 Vndique
727 260 960 314 coalitum,
995 260 1062 302 sed
1099 260 1378 316 pulmonibus
1410 271 1586 316 quoque
1621 260 1782 316 vbique
1818 261 1895 304 ad·

288 343 459 382 natum,
495 325 736 382 reperissem
759 355 773 378 ‚
829 327 903 380 qui
946 338 1078 381 porro
1115 326 1279 368 thoraci
1316 327 1652 382 circumquaque
1696 326 1896 368 adhaese-

286 407 407 445 rant,
444 393 580 444 adeo,
631 400 678 432 vt
711 404 840 432 vnam
876 391 1126 432 continuam
1162 391 1329 434 massam
1366 403 1560 433 carneam
1597 390 1757 433 viscera
1794 389 1896 433 tho-

286 461 393 502 racis
430 458 677 508 efficerent,
710 467 840 510 atque
876 456 1173 506 immobilcm;
1209 467 1341 511 vtque
1379 455 1602 510 pericardii
1638 454 1765 510 ipfius
1802 454 1896 497 nul-

288 527 407 575 lum,
462 522 536 564 nisi
581 521 699 575 quod
736 522 777 561 in
814 520 961 575 aspero
997 521 1277 574 molliorique
1313 520 1475 562 cortice
1511 520 1654 562 cordis
1691 518 1897 573 cognosci

287 598 482 646 poterat,
518 586 740 640 vestigium
778 586 1064 640 detegeretur.
1134 586 1212 628 Vti
1248 599 1353 627 vero
1377 586 1509 639 magis
1547 585 1788 639 magisque,
1809 583 1899 625 cel-

287 654 422 698 lulosa
465 651 699 693 mediastini
741 651 963 691 anterioris
1008 650 1177 704 ablata,
1228 651 1442 691 detectum
1478 662 1635 702 corpus
1672 647 1899 703 apparuit;

289 730 425 762 totam
462 716 721 758 anteriorem
759 725 923 769 partem
967 715 1191 768 thoracis,
1243 728 1264 755 a
1301 714 1528 755 manubrio
1563 712 1686 753 sterni
1723 713 1772 753 ad
1811 712 1900 753 dia-

290 785 497 839 phragma
533 793 703 831 mque,
756 780 823 818 cui
869 778 1158 826 adhaerebat,
1208 791 1422 828 occupare
1456 777 1591 816 visum
1628 775 1698 817 est.
1768 774 1900 816 Tunc

290 849 490 896 tandem,
541 842 646 883 nihil
684 840 797 880 aliud
835 840 877 879 id
914 838 993 878 effe
1029 839 1190 892 patuit,
1247 850 1375 892 quam
1419 838 1556 891 ipsum
1604 837 1741 877 solum
1786 839 1900 891 peri-

290 910 509 959 cardium‚
563 906 677 947 miro
714 904 849 945 modo
885 902 1095 944 inflatum.
1163 901 1280 944 Nam
1316 901 1571 956 magnitudo
1608 914 1694 945 non
1731 901 1903 955 modo,

292 974 527 1031 quominus
563 983 644 1025 pro
681 969 813 1010 corde
850 967 1106 1019 haberetur,
1161 966 1447 1022 prohibebat,
1491 965 1560 1007 sed
1597 966 1765 1008 inflatae
1801 965 1907 1008 vess-

290 1053 363 1082 cae
401 1038 523 1079 instar
559 1036 696 1090 digito
743 1045 917 1088 quoque
963 1033 1175 1087 prementi
1220 1032 1407 1072 renitens
1451 1030 1557 1072 nihil
1594 1031 1724 1072 corde
1763 1031 1903 1072 minus

290 1106 371 1146 effe
416 1110 601 1158 poterat.
689 1098 808 1140 Sicut
844 1111 865 1138 a
909 1097 1031 1138 sterni
1077 1096 1303 1138 manubrio
1347 1108 1483 1150 vsque
1527 1095 1579 1136 ad
1628 1095 1903 1149 diaphragma

291 1180 334 1211 et
378 1169 429 1209 ad
475 1164 767 1218 cartilaginem
822 1163 994 1216 quintae
1047 1161 1184 1202 costae
1227 1162 1426 1214 vtrinque
1480 1160 1767 1214 pericardium
1819 1159 1905 1203 hoc

294 1232 434 1289 quoad
473 1229 791 1284 longitudinem
828 1226 867 1266 se
904 1226 1193 1273 extendebat;·
1225 1225 1450 1266 latitudine
1486 1223 1616 1265 osseas
1653 1234 1793 1278 partes
1830 1235 1907 1264 co-

292 1299 444 1340 starum
482 1296 523 1335 in
562 1295 717 1334 dextro
763 1291 893 1332 latere
941 1291 1128 1332 thoracis
1173 1291 1389 1344 contigit,
1443 1288 1638 1329 sinistram
1684 1289 1774 1328 eius
1812 1301 1907 1342 par-

294 1373 382 1404 tem
423 1361 509 1401 fere
547 1369 682 1398 totam
719 1356 980 1408 occupauit;
1036 1364 1082 1395 vt
1126 1354 1279 1408 pulmo
1316 1353 1508 1403 sinister,
1563 1353 1605 1393 in
1644 1352 1907 1407 postremum

294 1426 499 1468 recessum
537 1423 654 1463 iuxta
691 1421 939 1461 columnam
975 1418 1271 1461 vertebrarum
1308 1417 1554 1473 compulsus
1576 1445 1591 1470 ‚
1644 1417 1911 1472 pleuraeque

296 1493 498 1542 aduatus,
537 1487 815 1528 inueniretur.

490 1616 688 1659 Praedixi
728 1615 864 1666 ilico,
918 1613 991 1655 vbi
1028 1614 1070 1655 in
1105 1625 1328 1654 enormem
1367 1613 1475 1654 adeo
1510 1611 1689 1653 vesicam
1727 1610 1913 1665 pericar-

300 1686 418 1726 dium
456 1681 677 1723 extensum
723 1676 1051 1734 cognou'eram,
1106 1677 1304 1730 sanguine
1350 1678 1488 1729 illud,
1541 1675 1909 1730 quemadmodum

300 1751 341 1790 in
380 1749 507 1788 leone
554 1746 786 1799 aliquando
833 1755 1109 1797 repereram,
1162 1743 1388 1797 impletum
1433 1741 1526 1783 else.
1603 1740 1759 1794 Neque
1805 1740 1909 1780 hacc

300 1826 368 1856 res
407 1825 476 1852 me
514 1810 683 1852 fefellit.
753 1809 892 1860 Nam,
946 1807 1072 1848 incisa
1108 1806 1265 1859 vesica,
1310 1806 1475 1861 sanguis
1513 1806 1721 1847 continuo
1757 1804 1911 1857 copio-

302 1879 367 1920 sus
403 1877 626 1932 prorupit,
661 1875 820 1916 viscera
856 1874 1001 1915 omnia
1037 1872 1285 1921 inundauit,
1323 1873 1542 1912 thoracem
1581 1869 1779 1923 repleuit.
1827 1867 1912 1908 Hic

301 1942 468 1997 sanguis
507 1941 663 1982 fluidus
702 1940 876 1994 quidem
912 1947 1025 1988 erat,
1062 1950 1190 1991 quem
1228 1937 1441 1989 reliquum
1480 1935 1635 1983 vesica,
1689 1933 1910 1973 dimidiam

301 2018 466 2062 partem
503 2005 713 2059 collapsa,
749 2002 1021 2052 continebat,
1066 2003 1136 2055 qui
1175 2001 1360 2055 singulos
1404 2001 1695 2052 minimoflque
1732 1997 1912 2038 recess‘us

303 2071 528 2126 pericardii
575 2080 616 2109 et
653 2069 833 2121 angulos
879 2080 1031 2107 omnes
1076 2067 1220 2108 exaile
1258 2067 1600 2119 adimpleuerat‚
1653 2076 1781 2104 cruor
1824 2070 1915 2101 erat

305 2136 572 2189 coagulatus.
642 2133 770 2173 Hunc
806 2131 989 2172 sollicite
1025 2133 1195 2182 exenii,
1232 2131 1379 2171 corrasi
1420 2142 1622 2179 ornnem,
1662 2127 1913 2182 ponderaui.

305 2200 458 2242 Librae
495 2201 565 2238 vni
602 2209 644 2238 ct
682 2198 804 2238 (emis
841 2197 1061 2251 aequalem
1100 2197 1253 2250 reperi.
1326 2196 1462 2237 Fluidi
1501 2193 1711 2248 sanguinis
1740 2192 1796 2232 vti
1828 2203 1913 2232 non

306 2265 474 2320 minor,
511 2264 613 2319 quin
650 2264 786 2306 maior
821 2263 993 2318 potius,
1049 2262 1256 2318 quantitas
1296 2260 1397 2312 suit5
1453 2273 1534 2302 tres
1572 2260 1752 2301 omnino
1791 2255 1914 2297 libras

1792 2332 1916 2360 mnu·
