2003 2700
654 145 806 169 ===
839 129 995 184 (277)
1031 104 1182 161 4-

126 248 332 305 aequabili
383 244 657 302 procedendi-¹
697 245 830 295 modo
882 244 1073 298 institui,
1126 254 1173 286 vt
1214 257 1267 286 ne
1302 244 1502 287 minimus
1541 245 1716 301 quidem

127 313 487 356 transmutationis
524 311 675 365 gradus
711 309 875 350 lateret.

314 440 565 493 Fragmenta
585 445 840 492 pergtttntum
876 436 1082 489 temporis
1119 436 1205 478 a'e'ri
1242 437 1429 491 exposita
1464 437 1570 478 nihil
1608 451 1717 492 quo-

122 505 173 549 ad
211 504 392 545 formam
421 513 463 544 et
491 503 724 544 durititiem
758 500 917 552 mutata
951 500 1120 548 inueni;
1158 502 1396 554 superficies
1434 511 1595 542 tantum
1625 516 1716 544 ma-

122 570 185 623 gis
221 567 503 622 inaequabilis*
535 577 578 608 et
616 566 889 616 brunescente
932 573 1048 618 parte
1085 565 1302 606 saturatior
1337 566 1534 607 euaserat.
1602 566 1716 607 Pon-

122 628 199 673 dus
235 633 507 681 immutatum
542 631 623 670 fuit
656 630 708 670 ad
748 641 768 677 5
808 630 950 668 vncias
987 638 1028 667 et
1065 640 1086 677 5
1128 629 1365 682 drachmas,
1401 639 1444 669 et
1480 629 1717 684 fragmenta

122 697 241 737 omni
275 704 394 748 parte
430 705 528 733 cum
564 692 693 738 acidis
728 691 1070 733 efferuescebant.

316 819 682 875 Quandoquidem
728 814 961 869 fragmenta
1007 815 1222 871 diuersam¹
1246 818 1372 857 variis
1408 818 1517 859 locis
1565 818 1716 861 faciem

121 883 384 935 offerebant,
445 882 658 936 quaelibet
693 893 785 934 pars
820 880 1032 934 sigillatim
1067 881 1109 932 in
1146 881 1368 935 puluerem
1404 883 1566 923 redacta
1603 883 1715 937 fuit,

121 950 218 990 dein
260 947 400 1000 puluis
446 946 754 985 reseruatorum
801 957 933 997 aeque
970 957 1016 984 ac
1054 945 1138 984 a‘e'ri
1175 944 1467 997 expofitorum
1504 947 1715 999 fragmen-

118 1021 261 1052 torum
306 1009 516 1062 figillatim
559 1009 708 1048 intime
753 1007 1018 1048 miscebatur.
1088 1007 1323 1062 Vtriusque
1360 1009 1546 1060 pulueris
1591 1011 1714 1052 mixti

120 1075 244 1116 color
280 1074 360 1113 fuit
394 1072 805 1124 albido-Vcinereus3
860 1071 972 1112 odor
1013 1071 1236 1124 Vtriusque
1272 1072 1382 1112 inter
1418 1075 1715 1115 comminuem-

120 1139 224 1179 dum
257 1136 523 1190 sulphureus.
1180 1129 1181 1132 '

311 1264 451 1306 Vncia
489 1263 616 1317 Gypfi
653 1261 788 1315 crudi,
826 1265 919 1303 a'e‘re
956 1276 1041 1303 non
1079 1263 1245 1314 mutati,
1269 1263 1545 1305 destillatione
1575 1279 1629 1305 ex
1650 1279 1715 1306 re-

121 1339 231 1371 torta
274 1329 391 1369 dedit
435 1328 610 1381 aliquod
662 1336 799 1381 guttas
850 1327 1106 1380 phlegmatis
1142 1337 1185 1365 et
1227 1327 1437 1367 tantillum
1482 1328 1709 1381 sulphuris.

118 1394 346 1434 Residuum
383 1392 424 1432 in
461 1391 682 1432 crucibulo
719 1392 828 1431 tec'to
866 1387 1154 1431 candefadtum
1200 1390 1322 1431 initio
1359 1392 1525 1432 flamma
1561 1405 1713 1432 coeru-

119 1457 303 1498 lescente
339 1455 561 1509 sulphurea
597 1454 702 1494 arsit.
770 1453 865 1493 Post
901 1448 1225 1505 calcinationem
1262 1453 1405 1495 Puluis
1444 1455 1561 1496 albus
1604 1470 1713 1510 pon-

121 1521 220 1562 dere
256 1522 327 1561 sex
362 1532 459 1560 cum
505 1517 675 1559 dimidia
719 1517 938 1558 drachmas
983 1518 1204 1571 aequabat,
1249 1528 1291 1558 et
1328 1532 1425 1559 cum
1461 1520 1591 1570 acidis
1630 1521 1713 1561 fer—

118 1584 336 1631 vescebat5
388 1583 487 1636 igne
520 1582 862 1630 reuerberatoi·io
897 1595 974 1635 per
1015 1581 1268 1623 semihoram
1307 1583 1521 1636 expositus
1559 1584 1714 1625 flaues-

120 1661 242 1700 cere³
292 1659 440 1701 parum
478 1646 784 1699 conglutinari,
835 1655 876 1685 et
912 1659 1007 1685 cum
1055 1646 1197 1699 spiritu
1235 1646 1332 1686 nitri
1371 1646 1508 1687 diluto
1543 1648 1616 1687 vix
1651 1646 1713 1687 ef·

120 1711 355 1756 feruescere
389 1709 499 1751 visus
537 1709 613 1760 est3
665 1711 856 1766 pondere
892 1710 943 1751 ad
978 1710 1144 1751 vnciam
1182 1710 1401 1751 dimidiam
1437 1724 1534 1751 cum
1571 1712 1709 1765 granis

118 1787 162 1816 x.
197 1776 404 1817 redactus.

313 1901 457 1941 Puluis
494 1902 608 1955 gypsi
644 1906 738 1943 ae're
775 1903 954 1956 expositi
989 1903 1141 1943 iisdem
1179 1902 1601 1957 manipulationibus„
1636 1916 1711 1943 eo-

124 1965 307 2016 demque
343 1965 450 2016 ignis
487 1969 615 2017 gradu
652 1968 845 2008 tractatus
883 1967 975 2008 fuit.
1046 1967 1082 2007 E
1114 1977 1273 2007 retorta
1309 1968 1458 2007 itidem
1498 1968 1615 2007 dedit
1638 1968 1712 2008 ali-

123 2038 230 2082 quot
268 2037 400 2079 guttas
436 2028 685 2082 phlegmatis
708 2040 749 2071 et
776 2045 924 2084 parum
962 2031 1170 2085 sulphuris
1208 2032 1361 2071 citrini.
1429 2031 1573 2071 Puluis
1610 2044 1712 2085 pro·

122 2092 175 2131 be
221 2090 446 2131 calcinatus
491 2106 565 2144 per
606 2095 748 2136 omnia
798 2095 940 2137 similis
976 2096 1167 2149 apparuit
1210 2096 1376 2149 pulucri
1415 2096 1535 2136 crudi
1578 2095 1711 2149 gypfi,

121 2155 356 2206 itidemque
402 2156 591 2207 pondere
635 2160 684 2198 ad
729 2159 799 2200 sex
844 2172 940 2200 cum
987 2160 1159 2200 dimidia
1202 2160 1421 2198 drachmas
1459 2160 1708 2199 imminutus

125 2218 216 2258 suit.
285 2218 552 2261 Reuerberio
578 2223 729 2263 eodem
766 2224 956 2264 tractatus
994 2223 1061 2262 hic
1096 2222 1237 2277 puluis
1271 2222 1400 2277 paulo
1438 2223 1570 2277 magis
1609 2233 1710 2260 con-

889 2287 1003 2326 Mm
1040 2298 1062 2334 3
1595 2296 1707 2323 cres-
