<?xml version="1.0" encoding="UTF-8"?>
<!DOCTYPE html PUBLIC "-//W3C//DTD XHTML 1.0 Transitional//EN"
    "http://www.w3.org/TR/xhtml1/DTD/xhtml1-transitional.dtd">
<html xmlns="http://www.w3.org/1999/xhtml" xml:lang="en" lang="en">
 <head>
  <title>
</title>
<meta http-equiv="Content-Type" content="text/html;charset=utf-8" />
  <meta name='ocr-system' content='tesseract 3.04.00' />
  <meta name='ocr-capabilities' content='ocr_page ocr_carea ocr_par ocr_line ocrx_word'/>
</head>
<body>
  <div class='ocr_page' id='page_1' title='image "./novaactaacademia05impe_0369.png"; bbox 0 0 2003 2700; ppageno 0'>
   <div class='ocr_carea' id='block_1_1' title="bbox 673 147 824 161">
    <p class='ocr_par' dir='ltr' id='par_1_1' title="bbox 673 147 824 161">
     <span class='ocr_line' id='line_1_1' title="bbox 673 147 824 161; baseline 0 0"><span class='ocrx_word' id='word_1_1' title='bbox 673 147 824 161; x_wconf 95' lang='lat' dir='ltr'><strong> </strong></span> 
     </span>
    </p>
   </div>
   <div class='ocr_carea' id='block_1_2' title="bbox 857 131 1192 188">
    <p class='ocr_par' dir='ltr' id='par_1_2' title="bbox 857 131 1192 188">
     <span class='ocr_line' id='line_1_2' title="bbox 857 131 1192 188; baseline 0.003 -1"><span class='ocrx_word' id='word_1_2' title='bbox 857 131 1008 188; x_wconf 78' lang='lat'><em>(259)</em></span> <span class='ocrx_word' id='word_1_3' title='bbox 1042 150 1192 174; x_wconf 85' lang='lat'><em>=·-·····—-</em></span> 
     </span>
    </p>
   </div>
   <div class='ocr_carea' id='block_1_3' title="bbox 672 163 824 173">
    <p class='ocr_par' dir='ltr' id='par_1_3' title="bbox 672 163 824 173">
     <span class='ocr_line' id='line_1_3' title="bbox 672 163 824 173; baseline 0 0"><span class='ocrx_word' id='word_1_4' title='bbox 672 163 824 173; x_wconf 95' lang='lat' dir='ltr'><strong> </strong></span> 
     </span>
    </p>
   </div>
   <div class='ocr_carea' id='block_1_4' title="bbox 132 247 1729 371">
    <p class='ocr_par' dir='ltr' id='par_1_4' title="bbox 132 247 1729 371">
     <span class='ocr_line' id='line_1_4' title="bbox 136 247 1725 310; baseline -0.004 -15"><span class='ocrx_word' id='word_1_5' title='bbox 136 255 262 310; x_wconf 84' lang='lat' dir='ltr'><strong>partis</strong></span> <span class='ocrx_word' id='word_1_6' title='bbox 283 259 423 293; x_wconf 88' lang='lat' dir='ltr'><strong>aortae</strong></span> <span class='ocrx_word' id='word_1_7' title='bbox 446 250 567 292; x_wconf 88' lang='lat' dir='ltr'><strong>facile</strong></span> <span class='ocrx_word' id='word_1_8' title='bbox 587 247 871 301; x_wconf 84' lang='lat' dir='ltr'><strong>cognoscitur.</strong></span> <span class='ocrx_word' id='word_1_9' title='bbox 908 248 1040 288; x_wconf 83' lang='lat' dir='ltr'>Linea</span> <span class='ocrx_word' id='word_1_10' title='bbox 1077 248 1186 301; x_wconf 89' lang='lat' dir='ltr'><strong>quafi</strong></span> <span class='ocrx_word' id='word_1_11' title='bbox 1208 248 1421 299; x_wconf 86' lang='lat' dir='ltr'><strong>annulari,</strong></span> <span class='ocrx_word' id='word_1_12' title='bbox 1457 247 1615 302; x_wconf 84' lang='lat' dir='ltr'><strong>vbique</strong></span> <span class='ocrx_word' id='word_1_13' title='bbox 1650 248 1725 289; x_wconf 88' lang='lat' dir='ltr'><strong>fibi</strong></span> 
     </span>
     <span class='ocr_line' id='line_1_5' title="bbox 132 311 1729 371; baseline -0.004 -11"><span class='ocrx_word' id='word_1_14' title='bbox 132 316 320 371; x_wconf 86' lang='lat' dir='ltr'><strong>aequali,</strong></span> <span class='ocrx_word' id='word_1_15' title='bbox 357 325 556 369; x_wconf 83' lang='lat' dir='ltr'>tanquam</span> <span class='ocrx_word' id='word_1_16' title='bbox 589 311 616 351; x_wconf 87' lang='lat' dir='ltr'><strong>fi</strong></span> <span class='ocrx_word' id='word_1_17' title='bbox 647 321 733 352; x_wconf 86' lang='lat' dir='ltr'><strong>arte</strong></span> <span class='ocrx_word' id='word_1_18' title='bbox 771 312 891 351; x_wconf 69' lang='lat' dir='ltr'><strong>ducta</strong></span> <span class='ocrx_word' id='word_1_19' title='bbox 919 312 1040 362; x_wconf 77' lang='lat' dir='ltr'><strong>esset,</strong></span> <span class='ocrx_word' id='word_1_20' title='bbox 1079 312 1146 351; x_wconf 88' lang='lat' dir='ltr'><strong>hic</strong></span> <span class='ocrx_word' id='word_1_21' title='bbox 1178 313 1322 351; x_wconf 85' lang='lat' dir='ltr'><strong>tertius</strong></span> <span class='ocrx_word' id='word_1_22' title='bbox 1353 322 1498 352; x_wconf 87' lang='lat' dir='ltr'><strong>tumor</strong></span> <span class='ocrx_word' id='word_1_23' title='bbox 1527 313 1729 354; x_wconf 84' lang='lat' dir='ltr'><strong>termina·</strong></span> 
     </span>
    </p>
   </div>
   <div class='ocr_carea' id='block_1_5' title="bbox 131 374 1724 434">
    <p class='ocr_par' dir='ltr' id='par_1_5' title="bbox 131 374 1724 434">
     <span class='ocr_line' id='line_1_6' title="bbox 131 374 1724 434; baseline -0.004 -12"><span class='ocrx_word' id='word_1_24' title='bbox 131 392 223 433; x_wconf 86' lang='lat' dir='ltr'><strong>tur,</strong></span> <span class='ocrx_word' id='word_1_25' title='bbox 257 389 300 421; x_wconf 92' lang='lat' dir='ltr'><strong>et</strong></span> <span class='ocrx_word' id='word_1_26' title='bbox 329 392 351 420; x_wconf 85' lang='lat' dir='ltr'><strong>a</strong></span> <span class='ocrx_word' id='word_1_27' title='bbox 378 380 576 434; x_wconf 87' lang='lat' dir='ltr'><strong>sequente</strong></span> <span class='ocrx_word' id='word_1_28' title='bbox 611 388 721 416; x_wconf 90' lang='lat' dir='ltr'><strong>nunc</strong></span> <span class='ocrx_word' id='word_1_29' title='bbox 757 374 850 416; x_wconf 89' lang='lat' dir='ltr'><strong>sana</strong></span> <span class='ocrx_word' id='word_1_30' title='bbox 883 383 1001 428; x_wconf 87' lang='lat' dir='ltr'><strong>parte</strong></span> <span class='ocrx_word' id='word_1_31' title='bbox 1036 383 1196 426; x_wconf 85' lang='lat' dir='ltr'><strong>aortae,</strong></span> <span class='ocrx_word' id='word_1_32' title='bbox 1232 375 1409 428; x_wconf 82' lang='lat' dir='ltr'><strong>dorsali,</strong></span> <span class='ocrx_word' id='word_1_33' title='bbox 1446 376 1724 430; x_wconf 86' lang='lat' dir='ltr'><strong>distinguitur.</strong></span> 
     </span>
    </p>
   </div>
   <div class='ocr_carea' id='block_1_6' title="bbox 118 502 1723 1571">
    <p class='ocr_par' dir='ltr' id='par_1_6' title="bbox 118 502 1723 1571">
     <span class='ocr_line' id='line_1_7' title="bbox 321 502 1723 561; baseline -0.004 -12"><span class='ocrx_word' id='word_1_34' title='bbox 321 506 428 549; x_wconf 92' lang='lat' dir='ltr'><strong>Visu</strong></span> <span class='ocrx_word' id='word_1_35' title='bbox 465 508 660 561; x_wconf 64' lang='lat' dir='ltr'><strong>tactuque</strong></span> <span class='ocrx_word' id='word_1_36' title='bbox 696 502 1078 554; x_wconf 85' lang='lat' dir='ltr'><strong>haecamorbosa,</strong></span> <span class='ocrx_word' id='word_1_37' title='bbox 1115 515 1221 557; x_wconf 89' lang='lat' dir='ltr'><strong>quae</strong></span> <span class='ocrx_word' id='word_1_38' title='bbox 1257 503 1307 544; x_wconf 90' lang='lat' dir='ltr'><strong>ad</strong></span> <span class='ocrx_word' id='word_1_39' title='bbox 1345 504 1455 544; x_wconf 88' lang='lat' dir='ltr'><strong>hunc</strong></span> <span class='ocrx_word' id='word_1_40' title='bbox 1492 505 1723 545; x_wconf 89' lang='lat' dir='ltr'><strong>terminum</strong></span> 
     </span>
     <span class='ocr_line' id='line_1_8' title="bbox 126 567 1722 625; baseline -0.002 -14"><span class='ocrx_word' id='word_1_41' title='bbox 126 582 261 623; x_wconf 85' lang='lat' dir='ltr'><strong>vsque</strong></span> <span class='ocrx_word' id='word_1_42' title='bbox 298 583 319 611; x_wconf 90' lang='lat' dir='ltr'><strong>a</strong></span> <span class='ocrx_word' id='word_1_43' title='bbox 353 572 496 625; x_wconf 90' lang='lat' dir='ltr'><strong>primo</strong></span> <span class='ocrx_word' id='word_1_44' title='bbox 530 570 652 611; x_wconf 87' lang='lat' dir='ltr'><strong>initio</strong></span> <span class='ocrx_word' id='word_1_45' title='bbox 687 569 727 610; x_wconf 91' lang='lat' dir='ltr'><strong>se</strong></span> <span class='ocrx_word' id='word_1_46' title='bbox 762 567 976 615; x_wconf 86' lang='lat' dir='ltr'><strong>extendit,</strong></span> <span class='ocrx_word' id='word_1_47' title='bbox 1015 567 1167 607; x_wconf 86' lang='lat' dir='ltr'><strong>differt.</strong></span> <span class='ocrx_word' id='word_1_48' title='bbox 1235 568 1417 607; x_wconf 88' lang='lat' dir='ltr'>Mollior</span> <span class='ocrx_word' id='word_1_49' title='bbox 1453 567 1564 619; x_wconf 87' lang='lat' dir='ltr'><strong>sana,</strong></span> <span class='ocrx_word' id='word_1_50' title='bbox 1600 568 1722 609; x_wconf 84' lang='lat' dir='ltr'><strong>flexi-</strong></span> 
     </span>
     <span class='ocr_line' id='line_1_9' title="bbox 125 630 1722 687; baseline -0.001 -14"><span class='ocrx_word' id='word_1_51' title='bbox 125 633 222 674; x_wconf 87' lang='lat' dir='ltr'><strong>bilis</strong></span> <span class='ocrx_word' id='word_1_52' title='bbox 259 642 302 674; x_wconf 91' lang='lat' dir='ltr'><strong>et</strong></span> <span class='ocrx_word' id='word_1_53' title='bbox 336 635 522 685; x_wconf 85' lang='lat' dir='ltr'><strong>elastica,</strong></span> <span class='ocrx_word' id='word_1_54' title='bbox 555 632 783 687; x_wconf 86' lang='lat' dir='ltr'><strong>parietibus</strong></span> <span class='ocrx_word' id='word_1_55' title='bbox 821 630 1110 682; x_wconf 79' lang='lat' dir='ltr'><strong>tenuioribus,</strong></span> <span class='ocrx_word' id='word_1_56' title='bbox 1147 630 1310 683; x_wconf 85' lang='lat' dir='ltr'><strong>aequali</strong></span> <span class='ocrx_word' id='word_1_57' title='bbox 1337 631 1495 683; x_wconf 90' lang='lat' dir='ltr'><strong>vbique</strong></span> <span class='ocrx_word' id='word_1_58' title='bbox 1532 632 1722 684; x_wconf 68' lang='lat' dir='ltr'><strong>craffide,</strong></span> 
     </span>
     <span class='ocr_line' id='line_1_10' title="bbox 124 693 1722 749; baseline -0.001 -12"><span class='ocrx_word' id='word_1_59' title='bbox 124 706 171 737; x_wconf 91' lang='lat' dir='ltr'><strong>vt</strong></span> <span class='ocrx_word' id='word_1_60' title='bbox 204 705 356 736; x_wconf 92' lang='lat' dir='ltr'><strong>notum</strong></span> <span class='ocrx_word' id='word_1_61' title='bbox 391 697 472 749; x_wconf 92' lang='lat' dir='ltr'><strong>est,</strong></span> <span class='ocrx_word' id='word_1_62' title='bbox 509 705 552 736; x_wconf 89' lang='lat' dir='ltr'><strong>et</strong></span> <span class='ocrx_word' id='word_1_63' title='bbox 587 695 806 748; x_wconf 89' lang='lat' dir='ltr'><strong>superficie</strong></span> <span class='ocrx_word' id='word_1_64' title='bbox 840 695 1000 749; x_wconf 86' lang='lat' dir='ltr'><strong>vbique</strong></span> <span class='ocrx_word' id='word_1_65' title='bbox 1036 693 1228 748; x_wconf 86' lang='lat' dir='ltr'><strong>aequali,</strong></span> <span class='ocrx_word' id='word_1_66' title='bbox 1266 694 1446 734; x_wconf 83' lang='lat' dir='ltr'><strong>donatis.</strong></span> <span class='ocrx_word' id='word_1_67' title='bbox 1515 694 1722 737; x_wconf 87' lang='lat' dir='ltr'><strong>Morbosa</strong></span> 
     </span>
     <span class='ocr_line' id='line_1_11' title="bbox 122 757 1720 812; baseline -0.001 -13"><span class='ocrx_word' id='word_1_68' title='bbox 122 758 288 799; x_wconf 84' lang='lat' dir='ltr'><strong>crassior</strong></span> <span class='ocrx_word' id='word_1_69' title='bbox 323 761 489 810; x_wconf 91' lang='lat' dir='ltr'><strong>multo,</strong></span> <span class='ocrx_word' id='word_1_70' title='bbox 525 759 755 812; x_wconf 86' lang='lat' dir='ltr'><strong>parietibus</strong></span> <span class='ocrx_word' id='word_1_71' title='bbox 799 758 1118 810; x_wconf 83' lang='lat' dir='ltr'><strong>inaequalibus,</strong></span> <span class='ocrx_word' id='word_1_72' title='bbox 1171 757 1411 797; x_wconf 84' lang='lat' dir='ltr'><strong>crassiffimis</strong></span> <span class='ocrx_word' id='word_1_73' title='bbox 1449 757 1583 808; x_wconf 88' lang='lat' dir='ltr'><strong>alibi,</strong></span> <span class='ocrx_word' id='word_1_74' title='bbox 1621 759 1720 799; x_wconf 88' lang='lat' dir='ltr'><strong>alibi</strong></span> 
     </span>
     <span class='ocr_line' id='line_1_12' title="bbox 121 819 1722 873; baseline 0 -11"><span class='ocrx_word' id='word_1_75' title='bbox 121 823 414 873; x_wconf 90' lang='lat' dir='ltr'><strong>tenuioribus,</strong></span> <span class='ocrx_word' id='word_1_76' title='bbox 449 821 690 862; x_wconf 91' lang='lat' dir='ltr'><strong>eminentiis</strong></span> <span class='ocrx_word' id='word_1_77' title='bbox 709 820 860 870; x_wconf 83' lang='lat' dir='ltr'><strong>variiS,</strong></span> <span class='ocrx_word' id='word_1_78' title='bbox 898 829 939 859; x_wconf 90' lang='lat' dir='ltr'><strong>et</strong></span> <span class='ocrx_word' id='word_1_79' title='bbox 960 819 1324 872; x_wconf 87' lang='lat' dir='ltr'><strong>impreffionibus,</strong></span> <span class='ocrx_word' id='word_1_80' title='bbox 1363 820 1613 872; x_wconf 82' lang='lat' dir='ltr'><strong>tuberculis,</strong></span> <span class='ocrx_word' id='word_1_81' title='bbox 1650 831 1722 863; x_wconf 90' lang='lat' dir='ltr'><strong>aut</strong></span> 
     </span>
     <span class='ocr_line' id='line_1_13' title="bbox 120 882 1721 938; baseline -0.001 -13"><span class='ocrx_word' id='word_1_82' title='bbox 120 885 225 926; x_wconf 89' lang='lat' dir='ltr'><strong>areis</strong></span> <span class='ocrx_word' id='word_1_83' title='bbox 261 886 423 938; x_wconf 85' lang='lat' dir='ltr'><strong>planis,</strong></span> <span class='ocrx_word' id='word_1_84' title='bbox 467 885 637 925; x_wconf 89' lang='lat' dir='ltr'><strong>notatis.</strong></span> <span class='ocrx_word' id='word_1_85' title='bbox 705 883 868 923; x_wconf 87' lang='lat' dir='ltr'><strong>Eadem</strong></span> <span class='ocrx_word' id='word_1_86' title='bbox 903 892 945 924; x_wconf 88' lang='lat' dir='ltr'><strong>et</strong></span> <span class='ocrx_word' id='word_1_87' title='bbox 980 882 1126 923; x_wconf 88' lang='lat' dir='ltr'><strong>durior</strong></span> <span class='ocrx_word' id='word_1_88' title='bbox 1162 883 1300 923; x_wconf 91' lang='lat' dir='ltr'><strong>multo</strong></span> <span class='ocrx_word' id='word_1_89' title='bbox 1336 883 1520 936; x_wconf 86' lang='lat' dir='ltr'><strong>vbique,</strong></span> <span class='ocrx_word' id='word_1_90' title='bbox 1574 885 1721 937; x_wconf 85' lang='lat' dir='ltr'><strong>rigidi-</strong></span> 
     </span>
     <span class='ocr_line' id='line_1_14' title="bbox 120 944 1717 1002; baseline 0 -13"><span class='ocrx_word' id='word_1_91' title='bbox 120 962 256 1002; x_wconf 92' lang='lat' dir='ltr'><strong>orque</strong></span> <span class='ocrx_word' id='word_1_92' title='bbox 287 958 330 988; x_wconf 93' lang='lat' dir='ltr'><strong>et</strong></span> <span class='ocrx_word' id='word_1_93' title='bbox 364 950 502 988; x_wconf 89' lang='lat' dir='ltr'><strong>minus</strong></span> <span class='ocrx_word' id='word_1_94' title='bbox 539 946 717 987; x_wconf 88' lang='lat' dir='ltr'><strong>elastica.</strong></span> <span class='ocrx_word' id='word_1_95' title='bbox 788 945 909 999; x_wconf 84' lang='lat' dir='ltr'><strong>Quae</strong></span> <span class='ocrx_word' id='word_1_96' title='bbox 944 944 1080 986; x_wconf 85' lang='lat' dir='ltr'><strong>sanam</strong></span> <span class='ocrx_word' id='word_1_97' title='bbox 1117 947 1310 986; x_wconf 83' lang='lat' dir='ltr'><strong>arteriam</strong></span> <span class='ocrx_word' id='word_1_98' title='bbox 1348 947 1453 999; x_wconf 84' lang='lat' dir='ltr'><strong>tegit</strong></span> <span class='ocrx_word' id='word_1_99' title='bbox 1488 947 1717 1001; x_wconf 88' lang='lat' dir='ltr'><strong>cellulosa,</strong></span> 
     </span>
     <span class='ocr_line' id='line_1_15' title="bbox 120 1009 1714 1062; baseline 0.001 -10"><span class='ocrx_word' id='word_1_100' title='bbox 120 1012 239 1061; x_wconf 85' lang='lat' dir='ltr'><strong>laxa,</strong></span> <span class='ocrx_word' id='word_1_101' title='bbox 276 1021 319 1051; x_wconf 91' lang='lat' dir='ltr'><strong>et</strong></span> <span class='ocrx_word' id='word_1_102' title='bbox 352 1011 521 1060; x_wconf 90' lang='lat' dir='ltr'><strong>mollis,</strong></span> <span class='ocrx_word' id='word_1_103' title='bbox 560 1009 670 1050; x_wconf 86' lang='lat' dir='ltr'><strong>facili</strong></span> <span class='ocrx_word' id='word_1_104' title='bbox 708 1009 885 1062; x_wconf 82' lang='lat' dir='ltr'><strong>negotio</strong></span> <span class='ocrx_word' id='word_1_105' title='bbox 920 1022 941 1049; x_wconf 89' lang='lat' dir='ltr'><strong>a</strong></span> <span class='ocrx_word' id='word_1_106' title='bbox 978 1010 1100 1049; x_wconf 80' lang='lat' dir='ltr'><strong>crassa</strong></span> <span class='ocrx_word' id='word_1_107' title='bbox 1136 1010 1309 1051; x_wconf 82' lang='lat' dir='ltr'><strong>arteriae</strong></span> <span class='ocrx_word' id='word_1_108' title='bbox 1347 1012 1487 1050; x_wconf 88' lang='lat' dir='ltr'><strong>tunica</strong></span> <span class='ocrx_word' id='word_1_109' title='bbox 1522 1010 1714 1060; x_wconf 88' lang='lat' dir='ltr'><strong>soluitur;</strong></span> 
     </span>
     <span class='ocr_line' id='line_1_16' title="bbox 118 1072 1716 1127; baseline 0 -12"><span class='ocrx_word' id='word_1_110' title='bbox 118 1084 165 1114; x_wconf 91' lang='lat' dir='ltr'><strong>vt</strong></span> <span class='ocrx_word' id='word_1_111' title='bbox 200 1087 277 1115; x_wconf 92' lang='lat' dir='ltr'><strong>nec</strong></span> <span class='ocrx_word' id='word_1_112' title='bbox 314 1074 413 1114; x_wconf 93' lang='lat' dir='ltr'><strong>huic</strong></span> <span class='ocrx_word' id='word_1_113' title='bbox 450 1072 675 1114; x_wconf 91' lang='lat' dir='ltr'><strong>cellulosae</strong></span> <span class='ocrx_word' id='word_1_114' title='bbox 711 1083 780 1113; x_wconf 89' lang='lat' dir='ltr'><strong>aut</strong></span> <span class='ocrx_word' id='word_1_115' title='bbox 815 1072 948 1125; x_wconf 88' lang='lat' dir='ltr'><strong>adipis</strong></span> <span class='ocrx_word' id='word_1_116' title='bbox 983 1072 1214 1127; x_wconf 84' lang='lat' dir='ltr'><strong>quidquam</strong></span> <span class='ocrx_word' id='word_1_117' title='bbox 1251 1074 1498 1125; x_wconf 80' lang='lat' dir='ltr'><strong>adhaereat,</strong></span> <span class='ocrx_word' id='word_1_118' title='bbox 1535 1088 1612 1115; x_wconf 88' lang='lat' dir='ltr'><strong>nec</strong></span> <span class='ocrx_word' id='word_1_119' title='bbox 1650 1085 1716 1115; x_wconf 91' lang='lat' dir='ltr'><strong>tu-</strong></span> 
     </span>
     <span class='ocr_line' id='line_1_17' title="bbox 118 1137 1714 1193; baseline 0.001 -15"><span class='ocrx_word' id='word_1_120' title='bbox 118 1139 211 1178; x_wconf 86' lang='lat' dir='ltr'><strong>nica</strong></span> <span class='ocrx_word' id='word_1_121' title='bbox 245 1138 446 1178; x_wconf 87' lang='lat' dir='ltr'><strong>laedatur.</strong></span> <span class='ocrx_word' id='word_1_122' title='bbox 513 1137 738 1177; x_wconf 86' lang='lat' dir='ltr'><strong>Morbosas</strong></span> <span class='ocrx_word' id='word_1_123' title='bbox 778 1137 851 1177; x_wconf 90' lang='lat' dir='ltr'><strong>has</strong></span> <span class='ocrx_word' id='word_1_124' title='bbox 888 1145 1026 1189; x_wconf 87' lang='lat' dir='ltr'><strong>partes</strong></span> <span class='ocrx_word' id='word_1_125' title='bbox 1063 1147 1202 1177; x_wconf 85' lang='lat' dir='ltr'><strong>aortae</strong></span> <span class='ocrx_word' id='word_1_126' title='bbox 1239 1150 1344 1190; x_wconf 85' lang='lat' dir='ltr'><strong>quae</strong></span> <span class='ocrx_word' id='word_1_127' title='bbox 1381 1147 1577 1189; x_wconf 85' lang='lat' dir='ltr'><strong>texerat,</strong></span> <span class='ocrx_word' id='word_1_128' title='bbox 1628 1139 1714 1193; x_wconf 90' lang='lat' dir='ltr'><strong>ipsa</strong></span> 
     </span>
     <span class='ocr_line' id='line_1_18' title="bbox 122 1199 1714 1255; baseline 0.001 -14"><span class='ocrx_word' id='word_1_129' title='bbox 122 1202 268 1241; x_wconf 93' lang='lat' dir='ltr'><strong>durior</strong></span> <span class='ocrx_word' id='word_1_130' title='bbox 303 1200 428 1241; x_wconf 86' lang='lat' dir='ltr'><strong>solito</strong></span> <span class='ocrx_word' id='word_1_131' title='bbox 465 1200 693 1251; x_wconf 87' lang='lat' dir='ltr'><strong>cellulosa,</strong></span> <span class='ocrx_word' id='word_1_132' title='bbox 747 1209 789 1239; x_wconf 91' lang='lat' dir='ltr'><strong>et</strong></span> <span class='ocrx_word' id='word_1_133' title='bbox 831 1199 1136 1252; x_wconf 70' lang='lat' dir='ltr'><strong>intrac‘tabilis,</strong></span> <span class='ocrx_word' id='word_1_134' title='bbox 1190 1201 1373 1242; x_wconf 80' lang='lat' dir='ltr'><strong>dissecari</strong></span> <span class='ocrx_word' id='word_1_135' title='bbox 1413 1203 1618 1255; x_wconf 89' lang='lat' dir='ltr'><strong>quidem,</strong></span> <span class='ocrx_word' id='word_1_136' title='bbox 1672 1212 1714 1244; x_wconf 90' lang='lat' dir='ltr'><strong>at</strong></span> 
     </span>
     <span class='ocr_line' id='line_1_19' title="bbox 120 1263 1711 1319; baseline 0.002 -15"><span class='ocrx_word' id='word_1_137' title='bbox 120 1264 225 1305; x_wconf 91' lang='lat' dir='ltr'><strong>solui</strong></span> <span class='ocrx_word' id='word_1_138' title='bbox 262 1265 446 1317; x_wconf 88' lang='lat' dir='ltr'><strong>penitus,</strong></span> <span class='ocrx_word' id='word_1_139' title='bbox 468 1264 608 1304; x_wconf 85' lang='lat' dir='ltr'><strong>tunica</strong></span> <span class='ocrx_word' id='word_1_140' title='bbox 636 1263 808 1303; x_wconf 85' lang='lat' dir='ltr'><strong>arteriae</strong></span> <span class='ocrx_word' id='word_1_141' title='bbox 838 1263 991 1313; x_wconf 89' lang='lat' dir='ltr'><strong>illaesa,</strong></span> <span class='ocrx_word' id='word_1_142' title='bbox 1014 1277 1099 1303; x_wconf 91' lang='lat' dir='ltr'><strong>non</strong></span> <span class='ocrx_word' id='word_1_143' title='bbox 1126 1273 1306 1316; x_wconf 90' lang='lat' dir='ltr'><strong>poterat.</strong></span> <span class='ocrx_word' id='word_1_144' title='bbox 1376 1265 1570 1319; x_wconf 87' lang='lat' dir='ltr'><strong>Ineptam</strong></span> <span class='ocrx_word' id='word_1_145' title='bbox 1606 1267 1711 1307; x_wconf 87' lang='lat' dir='ltr'><strong>haec</strong></span> 
     </span>
     <span class='ocr_line' id='line_1_20' title="bbox 121 1326 1710 1383; baseline 0.001 -15"><span class='ocrx_word' id='word_1_146' title='bbox 121 1328 230 1381; x_wconf 80' lang='lat' dir='ltr'><strong>quafi</strong></span> <span class='ocrx_word' id='word_1_147' title='bbox 266 1328 314 1368; x_wconf 90' lang='lat' dir='ltr'><strong>ad</strong></span> <span class='ocrx_word' id='word_1_148' title='bbox 349 1329 478 1367; x_wconf 88' lang='lat' dir='ltr'><strong>vitam</strong></span> <span class='ocrx_word' id='word_1_149' title='bbox 516 1326 698 1380; x_wconf 89' lang='lat' dir='ltr'><strong>speciem</strong></span> <span class='ocrx_word' id='word_1_150' title='bbox 733 1326 952 1366; x_wconf 83' lang='lat' dir='ltr'><strong>soliditatis</strong></span> <span class='ocrx_word' id='word_1_151' title='bbox 989 1339 1087 1379; x_wconf 87' lang='lat' dir='ltr'><strong>prae</strong></span> <span class='ocrx_word' id='word_1_152' title='bbox 1121 1326 1162 1367; x_wconf 88' lang='lat' dir='ltr'><strong>se</strong></span> <span class='ocrx_word' id='word_1_153' title='bbox 1198 1326 1306 1367; x_wconf 89' lang='lat' dir='ltr'><strong>ferre</strong></span> <span class='ocrx_word' id='word_1_154' title='bbox 1341 1328 1587 1379; x_wconf 87' lang='lat' dir='ltr'><strong>videbatur,</strong></span> <span class='ocrx_word' id='word_1_155' title='bbox 1630 1343 1710 1383; x_wconf 89' lang='lat' dir='ltr'><strong>qua</strong></span> 
     </span>
     <span class='ocr_line' id='line_1_21' title="bbox 120 1389 1711 1444; baseline 0.002 -14"><span class='ocrx_word' id='word_1_156' title='bbox 120 1404 197 1431; x_wconf 92' lang='lat' dir='ltr'><strong>nec</strong></span> <span class='ocrx_word' id='word_1_157' title='bbox 234 1391 383 1441; x_wconf 60' lang='lat' dir='ltr'><strong>tracta,</strong></span> <span class='ocrx_word' id='word_1_158' title='bbox 418 1400 488 1431; x_wconf 89' lang='lat' dir='ltr'><strong>aut</strong></span> <span class='ocrx_word' id='word_1_159' title='bbox 521 1391 674 1443; x_wconf 84' lang='lat' dir='ltr'><strong>preffa,</strong></span> <span class='ocrx_word' id='word_1_160' title='bbox 710 1390 884 1430; x_wconf 87' lang='lat' dir='ltr'><strong>extendi</strong></span> <span class='ocrx_word' id='word_1_161' title='bbox 921 1389 1039 1440; x_wconf 85' lang='lat' dir='ltr'><strong>satis,</strong></span> <span class='ocrx_word' id='word_1_162' title='bbox 1093 1403 1231 1444; x_wconf 89' lang='lat' dir='ltr'><strong>neque</strong></span> <span class='ocrx_word' id='word_1_163' title='bbox 1271 1393 1431 1433; x_wconf 77' lang='lat' dir='ltr'><strong>remissa</strong></span> <span class='ocrx_word' id='word_1_164' title='bbox 1468 1393 1506 1432; x_wconf 87' lang='lat' dir='ltr'><strong>se</strong></span> <span class='ocrx_word' id='word_1_165' title='bbox 1543 1403 1711 1433; x_wconf 87' lang='lat' dir='ltr'><strong>contra-</strong></span> 
     </span>
     <span class='ocr_line' id='line_1_22' title="bbox 120 1453 1709 1511; baseline 0.002 -17"><span class='ocrx_word' id='word_1_166' title='bbox 120 1455 221 1495; x_wconf 88' lang='lat' dir='ltr'><strong>here</strong></span> <span class='ocrx_word' id='word_1_167' title='bbox 259 1454 416 1494; x_wconf 89' lang='lat' dir='ltr'><strong>rursum</strong></span> <span class='ocrx_word' id='word_1_168' title='bbox 452 1463 631 1506; x_wconf 88' lang='lat' dir='ltr'><strong>poterat.</strong></span> <span class='ocrx_word' id='word_1_169' title='bbox 700 1453 845 1505; x_wconf 90' lang='lat' dir='ltr'><strong>Atque</strong></span> <span class='ocrx_word' id='word_1_170' title='bbox 868 1453 1015 1492; x_wconf 87' lang='lat' dir='ltr'><strong>eadem</strong></span> <span class='ocrx_word' id='word_1_171' title='bbox 1053 1454 1156 1494; x_wconf 88' lang='lat' dir='ltr'><strong>haec</strong></span> <span class='ocrx_word' id='word_1_172' title='bbox 1193 1455 1360 1495; x_wconf 88' lang='lat' dir='ltr'><strong>indoles</strong></span> <span class='ocrx_word' id='word_1_173' title='bbox 1397 1457 1564 1497; x_wconf 88' lang='lat' dir='ltr'><strong>tunicae</strong></span> <span class='ocrx_word' id='word_1_174' title='bbox 1602 1469 1709 1511; x_wconf 91' lang='lat' dir='ltr'><strong>quo·</strong></span> 
     </span>
     <span class='ocr_line' id='line_1_23' title="bbox 122 1516 1159 1571; baseline 0 -14"><span class='ocrx_word' id='word_1_175' title='bbox 122 1531 203 1571; x_wconf 88' lang='lat' dir='ltr'><strong>que</strong></span> <span class='ocrx_word' id='word_1_176' title='bbox 239 1519 436 1571; x_wconf 86' lang='lat' dir='ltr'><strong>propriae</strong></span> <span class='ocrx_word' id='word_1_177' title='bbox 471 1517 544 1571; x_wconf 83' lang='lat' dir='ltr'><strong>ipsi</strong></span> <span class='ocrx_word' id='word_1_178' title='bbox 580 1516 801 1556; x_wconf 86' lang='lat' dir='ltr'><strong>morbosae</strong></span> <span class='ocrx_word' id='word_1_179' title='bbox 836 1525 976 1557; x_wconf 85' lang='lat' dir='ltr'><strong>aortae</strong></span> <span class='ocrx_word' id='word_1_180' title='bbox 1011 1517 1159 1558; x_wconf 86' lang='lat' dir='ltr'><strong>iuerat.</strong></span> 
     </span>
    </p>
   </div>
   <div class='ocr_carea' id='block_1_7' title="bbox 117 1646 1708 2335">
    <p class='ocr_par' dir='ltr' id='par_1_7' title="bbox 117 1646 1708 2272">
     <span class='ocr_line' id='line_1_24' title="bbox 309 1646 1707 1704; baseline 0.002 -17"><span class='ocrx_word' id='word_1_181' title='bbox 309 1647 471 1700; x_wconf 83' lang='lat' dir='ltr'><strong>Aperta</strong></span> <span class='ocrx_word' id='word_1_182' title='bbox 515 1655 630 1688; x_wconf 89' lang='lat' dir='ltr'><strong>aorta</strong></span> <span class='ocrx_word' id='word_1_183' title='bbox 674 1647 777 1688; x_wconf 90' lang='lat' dir='ltr'><strong>mira</strong></span> <span class='ocrx_word' id='word_1_184' title='bbox 820 1646 982 1687; x_wconf 87' lang='lat' dir='ltr'><strong>interna</strong></span> <span class='ocrx_word' id='word_1_185' title='bbox 1026 1646 1263 1701; x_wconf 86' lang='lat' dir='ltr'><strong>superficies</strong></span> <span class='ocrx_word' id='word_1_186' title='bbox 1309 1648 1513 1701; x_wconf 81' lang='lat' dir='ltr'><strong>apparuit.</strong></span> <span class='ocrx_word' id='word_1_187' title='bbox 1583 1647 1707 1704; x_wconf 87' lang='lat' dir='ltr'><strong>Quae</strong></span> 
     </span>
     <span class='ocr_line' id='line_1_25' title="bbox 119 1710 1708 1764; baseline 0.002 -13"><span class='ocrx_word' id='word_1_188' title='bbox 119 1710 260 1764; x_wconf 82' lang='lat' dir='ltr'><strong>glabra</strong></span> <span class='ocrx_word' id='word_1_189' title='bbox 295 1721 337 1750; x_wconf 90' lang='lat' dir='ltr'><strong>et</strong></span> <span class='ocrx_word' id='word_1_190' title='bbox 374 1711 520 1764; x_wconf 84' lang='lat' dir='ltr'><strong>polita,</strong></span> <span class='ocrx_word' id='word_1_191' title='bbox 556 1712 670 1751; x_wconf 88' lang='lat' dir='ltr'><strong>tenui</strong></span> <span class='ocrx_word' id='word_1_192' title='bbox 707 1711 887 1751; x_wconf 57' lang='lat' dir='ltr'><strong>obduasta</strong></span> <span class='ocrx_word' id='word_1_193' title='bbox 924 1712 1191 1763; x_wconf 88' lang='lat' dir='ltr'><strong>membrana,</strong></span> <span class='ocrx_word' id='word_1_194' title='bbox 1228 1713 1306 1752; x_wconf 83' lang='lat' dir='ltr'><strong>effe</strong></span> <span class='ocrx_word' id='word_1_195' title='bbox 1343 1713 1471 1764; x_wconf 89' lang='lat' dir='ltr'><strong>solet,</strong></span> <span class='ocrx_word' id='word_1_196' title='bbox 1514 1714 1708 1754; x_wconf 87' lang='lat' dir='ltr'><strong>molecu-</strong></span> 
     </span>
     <span class='ocr_line' id='line_1_26' title="bbox 117 1774 1705 1829; baseline 0.002 -15"><span class='ocrx_word' id='word_1_197' title='bbox 117 1775 168 1814; x_wconf 88' lang='lat' dir='ltr'><strong>lis</strong></span> <span class='ocrx_word' id='word_1_198' title='bbox 204 1774 397 1827; x_wconf 84' lang='lat' dir='ltr'><strong>plurimis</strong></span> <span class='ocrx_word' id='word_1_199' title='bbox 434 1775 600 1827; x_wconf 86' lang='lat' dir='ltr'><strong>exiguis</strong></span> <span class='ocrx_word' id='word_1_200' title='bbox 633 1776 833 1828; x_wconf 80' lang='lat' dir='ltr'><strong>rugisque</strong></span> <span class='ocrx_word' id='word_1_201' title='bbox 863 1784 904 1814; x_wconf 89' lang='lat' dir='ltr'><strong>et</strong></span> <span class='ocrx_word' id='word_1_202' title='bbox 939 1776 1139 1826; x_wconf 88' lang='lat' dir='ltr'><strong>crenulis,</strong></span> <span class='ocrx_word' id='word_1_203' title='bbox 1176 1775 1333 1829; x_wconf 88' lang='lat' dir='ltr'><strong>vbique</strong></span> <span class='ocrx_word' id='word_1_204' title='bbox 1370 1776 1576 1829; x_wconf 83' lang='lat' dir='ltr'><strong>dispersis,</strong></span> <span class='ocrx_word' id='word_1_205' title='bbox 1612 1778 1705 1817; x_wconf 82' lang='lat' dir='ltr'><strong>vni-</strong></span> 
     </span>
     <span class='ocr_line' id='line_1_27' title="bbox 117 1837 1704 1892; baseline 0.003 -17"><span class='ocrx_word' id='word_1_206' title='bbox 117 1837 277 1876; x_wconf 84' lang='lat' dir='ltr'><strong>versam</strong></span> <span class='ocrx_word' id='word_1_207' title='bbox 330 1839 636 1890; x_wconf 78' lang='lat' dir='ltr'><strong>occupantibus</strong></span> <span class='ocrx_word' id='word_1_208' title='bbox 690 1839 987 1892; x_wconf 88' lang='lat' dir='ltr'><strong>superficiem,</strong></span> <span class='ocrx_word' id='word_1_209' title='bbox 1038 1839 1267 1891; x_wconf 84' lang='lat' dir='ltr'><strong>inaequalis</strong></span> <span class='ocrx_word' id='word_1_210' title='bbox 1320 1849 1362 1878; x_wconf 89' lang='lat' dir='ltr'><strong>et</strong></span> <span class='ocrx_word' id='word_1_211' title='bbox 1413 1839 1552 1891; x_wconf 87' lang='lat' dir='ltr'><strong>aspera</strong></span> <span class='ocrx_word' id='word_1_212' title='bbox 1602 1850 1704 1881; x_wconf 89' lang='lat' dir='ltr'><strong>erat.</strong></span> 
     </span>
     <span class='ocr_line' id='line_1_28' title="bbox 119 1900 1706 1956; baseline 0.004 -19"><span class='ocrx_word' id='word_1_213' title='bbox 119 1900 298 1938; x_wconf 84' lang='lat' dir='ltr'><strong>Materia</strong></span> <span class='ocrx_word' id='word_1_214' title='bbox 333 1901 464 1939; x_wconf 88' lang='lat' dir='ltr'><strong>aliena</strong></span> <span class='ocrx_word' id='word_1_215' title='bbox 501 1902 674 1952; x_wconf 85' lang='lat' dir='ltr'><strong>partim,</strong></span> <span class='ocrx_word' id='word_1_216' title='bbox 713 1903 889 1942; x_wconf 66' lang='lat' dir='ltr'><strong>crafiiori</strong></span> <span class='ocrx_word' id='word_1_217' title='bbox 927 1904 1099 1943; x_wconf 82' lang='lat' dir='ltr'><strong>arteriae</strong></span> <span class='ocrx_word' id='word_1_218' title='bbox 1130 1904 1294 1943; x_wconf 79' lang='lat' dir='ltr'><strong>tunicae</strong></span> <span class='ocrx_word' id='word_1_219' title='bbox 1331 1904 1609 1956; x_wconf 69' lang='lat' dir='ltr'><strong>interiorique</strong></span> <span class='ocrx_word' id='word_1_220' title='bbox 1647 1915 1706 1943; x_wconf 87' lang='lat' dir='ltr'><strong>te-</strong></span> 
     </span>
     <span class='ocr_line' id='line_1_29' title="bbox 120 1962 1707 2020; baseline 0.003 -18"><span class='ocrx_word' id='word_1_221' title='bbox 120 1963 188 2002; x_wconf 89' lang='lat' dir='ltr'><strong>nui</strong></span> <span class='ocrx_word' id='word_1_222' title='bbox 227 1962 391 2015; x_wconf 81' lang='lat' dir='ltr'><strong>sparsim</strong></span> <span class='ocrx_word' id='word_1_223' title='bbox 436 1963 677 2013; x_wconf 58' lang='lat' dir='ltr'><strong>interiecta,</strong></span> <span class='ocrx_word' id='word_1_224' title='bbox 734 1967 886 2019; x_wconf 85' lang='lat' dir='ltr'><strong>partim</strong></span> <span class='ocrx_word' id='word_1_225' title='bbox 930 1968 1138 2006; x_wconf 67' lang='lat' dir='ltr'><strong>incraiiata</strong></span> <span class='ocrx_word' id='word_1_226' title='bbox 1174 1967 1314 2020; x_wconf 66' lang='lat' dir='ltr'><strong>pali&#39;rm</strong></span> <span class='ocrx_word' id='word_1_227' title='bbox 1357 1967 1534 2007; x_wconf 85' lang='lat' dir='ltr'><strong>interior</strong></span> <span class='ocrx_word' id='word_1_228' title='bbox 1571 1981 1707 2007; x_wconf 89' lang='lat' dir='ltr'><strong>mem-</strong></span> 
     </span>
     <span class='ocr_line' id='line_1_30' title="bbox 121 2025 1705 2081; baseline 0.004 -15"><span class='ocrx_word' id='word_1_229' title='bbox 121 2027 245 2066; x_wconf 85' lang='lat' dir='ltr'><strong>brana</strong></span> <span class='ocrx_word' id='word_1_230' title='bbox 280 2025 388 2077; x_wconf 82' lang='lat' dir='ltr'><strong>ipsa,</strong></span> <span class='ocrx_word' id='word_1_231' title='bbox 423 2036 464 2065; x_wconf 81' lang='lat' dir='ltr'><strong>et</strong></span> <span class='ocrx_word' id='word_1_232' title='bbox 499 2039 742 2081; x_wconf 83' lang='lat' dir='ltr'><strong>corrugata,</strong></span> <span class='ocrx_word' id='word_1_233' title='bbox 799 2030 1044 2070; x_wconf 88' lang='lat' dir='ltr'><strong>eminentias</strong></span> <span class='ocrx_word' id='word_1_234' title='bbox 1083 2030 1197 2080; x_wconf 83' lang='lat' dir='ltr'><strong>illas,</strong></span> <span class='ocrx_word' id='word_1_235' title='bbox 1256 2039 1325 2070; x_wconf 85' lang='lat' dir='ltr'><strong>aut</strong></span> <span class='ocrx_word' id='word_1_236' title='bbox 1361 2031 1597 2072; x_wconf 72' lang='lat' dir='ltr'><strong>moleculas</strong></span> <span class='ocrx_word' id='word_1_237' title='bbox 1634 2045 1705 2073; x_wconf 83' lang='lat' dir='ltr'><strong>va-</strong></span> 
     </span>
     <span class='ocr_line' id='line_1_31' title="bbox 120 2090 1704 2145; baseline 0.004 -17"><span class='ocrx_word' id='word_1_238' title='bbox 120 2090 197 2128; x_wconf 82' lang='lat' dir='ltr'><strong>rias</strong></span> <span class='ocrx_word' id='word_1_239' title='bbox 234 2099 275 2128; x_wconf 89' lang='lat' dir='ltr'><strong>et</strong></span> <span class='ocrx_word' id='word_1_240' title='bbox 310 2090 655 2141; x_wconf 77' lang='lat' dir='ltr'><strong>inaequalitates,</strong></span> <span class='ocrx_word' id='word_1_241' title='bbox 703 2092 869 2133; x_wconf 87' lang='lat' dir='ltr'><strong>efficere</strong></span> <span class='ocrx_word' id='word_1_242' title='bbox 906 2094 1140 2133; x_wconf 85' lang='lat' dir='ltr'><strong>videbatur.</strong></span> <span class='ocrx_word' id='word_1_243' title='bbox 1210 2093 1372 2134; x_wconf 85' lang='lat' dir='ltr'><strong>Verum</strong></span> <span class='ocrx_word' id='word_1_244' title='bbox 1413 2096 1526 2145; x_wconf 83' lang='lat' dir='ltr'><strong>quod</strong></span> <span class='ocrx_word' id='word_1_245' title='bbox 1564 2096 1704 2134; x_wconf 88' lang='lat' dir='ltr'><strong>omni-</strong></span> 
     </span>
     <span class='ocr_line' id='line_1_32' title="bbox 121 2153 1703 2208; baseline 0.004 -17"><span class='ocrx_word' id='word_1_246' title='bbox 121 2165 189 2191; x_wconf 82' lang='lat' dir='ltr'><strong>um</strong></span> <span class='ocrx_word' id='word_1_247' title='bbox 230 2153 409 2192; x_wconf 58' lang='lat' dir='ltr'><strong>nia-&lt;ime</strong></span> <span class='ocrx_word' id='word_1_248' title='bbox 450 2153 617 2193; x_wconf 69' lang='lat' dir='ltr'><strong>miratus</strong></span> <span class='ocrx_word' id='word_1_249' title='bbox 656 2155 767 2206; x_wconf 87' lang='lat' dir='ltr'><strong>sum,</strong></span> <span class='ocrx_word' id='word_1_250' title='bbox 804 2156 971 2196; x_wconf 59' lang='lat' dir='ltr'><strong>frustula</strong></span> <span class='ocrx_word' id='word_1_251' title='bbox 1007 2157 1113 2196; x_wconf 67' lang='lat' dir='ltr'><strong>ossea</strong></span> <span class='ocrx_word' id='word_1_252' title='bbox 1151 2168 1290 2203; x_wconf 86' lang='lat' dir='ltr'><strong>erant,</strong></span> <span class='ocrx_word' id='word_1_253' title='bbox 1329 2157 1523 2208; x_wconf 85' lang='lat' dir='ltr'><strong>copiosa,</strong></span> <span class='ocrx_word' id='word_1_254' title='bbox 1569 2160 1703 2198; x_wconf 83' lang='lat' dir='ltr'><strong>maio-</strong></span> 
     </span>
     <span class='ocr_line' id='line_1_33' title="bbox 119 2216 1702 2272; baseline 0.001 -17"><span class='ocrx_word' id='word_1_255' title='bbox 119 2228 161 2255; x_wconf 85' lang='lat' dir='ltr'><strong>ra</strong></span> <span class='ocrx_word' id='word_1_256' title='bbox 198 2216 472 2268; x_wconf 80' lang='lat' dir='ltr'><strong>minoraque,</strong></span> <span class='ocrx_word' id='word_1_257' title='bbox 526 2216 631 2256; x_wconf 76' lang='lat' dir='ltr'><strong>inter</strong></span> <span class='ocrx_word' id='word_1_258' title='bbox 676 2220 833 2260; x_wconf 86' lang='lat' dir='ltr'><strong>tunicas</strong></span> <span class='ocrx_word' id='word_1_259' title='bbox 879 2233 972 2268; x_wconf 81' lang='lat' dir='ltr'><strong>eas,</strong></span> <span class='ocrx_word' id='word_1_260' title='bbox 1024 2221 1238 2272; x_wconf 83' lang='lat' dir='ltr'><strong>propriam</strong></span> <span class='ocrx_word' id='word_1_261' title='bbox 1285 2220 1449 2259; x_wconf 75' lang='lat' dir='ltr'><strong>craiiam</strong></span> <span class='ocrx_word' id='word_1_262' title='bbox 1486 2231 1528 2260; x_wconf 85' lang='lat' dir='ltr'><strong>et</strong></span> <span class='ocrx_word' id='word_1_263' title='bbox 1572 2221 1702 2259; x_wconf 81' lang='lat' dir='ltr'><strong>inter-</strong></span> 
     </span>
    </p>

    <p class='ocr_par' dir='ltr' id='par_1_8' title="bbox 912 2282 1699 2335">
     <span class='ocr_line' id='line_1_34' title="bbox 912 2282 1699 2335; baseline 0 -14"><span class='ocrx_word' id='word_1_264' title='bbox 912 2282 994 2321; x_wconf 85' lang='lat' dir='ltr'><strong>Kk</strong></span> <span class='ocrx_word' id='word_1_265' title='bbox 1032 2294 1056 2318; x_wconf 86' lang='lat'>2</span> <span class='ocrx_word' id='word_1_266' title='bbox 1579 2295 1699 2335; x_wconf 84' lang='lat' dir='ltr'><strong>nam,</strong></span> 
     </span>
    </p>
   </div>
  </div>
 </body>
</html>
