2003 2700
848 148 1002 203 (26⁵)
1035 163 1187 177 ·-—

319 263 467 318 parieti
501 263 608 304 finus
631 262 989 314 incumbentem,
1024 262 1265 316 partimque
1302 261 1515 305 bafilarem
1549 266 1718 323 replen-

323 338 425 369 tem.

131 391 193 433 Μ.
260 390 440 434 Glomer
475 392 632 446 adipis,
685 389 1010 445 profundiorem
1044 390 1250 443 parietem
1285 390 1394 431 finus
1431 401 1601 445 tegens;
1652 396 1718 438 in-

322 456 461 511 deque
498 457 618 511 super
653 465 795 496 aortae
832 454 981 495 faciem
1018 454 1273 495 anteriorem
1311 455 1351 495 se
1387 460 1636 500 extendens.

128 529 188 573 N.
257 533 352 588 Qua
387 543 504 587 parte
539 533 707 586 glomer
741 531 861 584 super
895 538 1055 571 :tortam
1091 532 1376 585 progreditur.

137 605 190 648 O.
245 608 445 651 Tenuior
479 609 608 649 crusta
643 607 836 662 adiposa.‚
881 619 961 660 qua
996 616 1137 647 aortae
1174 621 1267 660 pars
1302 609 1480 651 inferior
1515 612 1720 670 obdueia,

323 687 344 714 a
378 672 642 726 glomeribus
679 681 722 712 et
757 670 981 712 moleculis
1018 670 1204 723 superius
1242 672 1358 711 dieiis
1395 674 1566 716 diuersa.

130 742 177 784 P.
247 742 358 787 Coni
393 746 581 788 arteriofi
617 745 751 799 sedes,
784 759 891 800 quae
928 744 1190 786 moleculosa
1224 745 1294 786 sed
1328 760 1451 801 parca
1485 750 1608 806 adipe
1643 754 1722 794 ob-

323 811 456 850 dueta.

131 850 186 932 Q,-
253 872 427 927 Adeps‚
462 872 542 913 bafi
577 871 802 912 ventriculi
837 870 979 911 sinistri
1014 871 1168 914 addita.

134 945 187 986 R.
257 947 419 1001 Regio,
457 959 682 1002 quousque
719 959 816 988 caro
852 947 993 988 cordis
1028 946 1067 987 se
1103 947 1332 989 retrorsum
1367 953 1573 995 extendit.

132 1020 181 1062 S.
249 1022 372 1064 Sinus
410 1024 571 1065 dexter.

133 1082 181 1124 T.
215 1085 445 1128 Auriculae
482 1100 614 1141 apem
652 1088 791 1129 cordis
829 1086 1063 1141 superficiei
1100 1085 1326 1140 superiori,
1364 1090 1464 1131 dum
1500 1093 1621 1148 adipe
1658 1095 1727 1138 sua

329 1161 371 1191 et
406 1153 545 1193 tunica
580 1151 685 1192 illud
721 1152 954 1192 obductum
991 1151 1071 1203 est,
1107 1151 1384 1201 incumbens5
1421 1155 1550 1210 longe
1587 1173 1608 1199 a
1645 1159 1725 1201 basi

329 1216 469 1255 cordis
504 1226 693 1268 remota,
727 1215 800 1256 vbi
838 1216 958 1270 adipe
994 1224 1037 1256 et
1071 1215 1212 1257 tunica
1246 1216 1330 1257 hoc
1366 1229 1558 1262 exutum.

139 1277 187 1319 V.
254 1278 459 1319 Auricula
493 1279 658 1320 finistra.

137 1341 195 1383 W.
232 1341 281 1383 X.
317 1342 372 1382 Z.
410 1355 448 1382 α.
486 1341 524 1382 b.
561 1355 594 1383 r.
630 1355 662 1383 s.
698 1356 741 1383 x.
780 1356 824 1384 x.
861 1357 904 1394 4.
971 1342 1124 1384 Aorta.

320 1417 375 1458 Z.
412 1430 450 1457 α.
486 1416 524 1457 b.
563 1430 596 1457 r.
632 1431 665 1457 s.
706 1431 751 1458 x.
788 1431 833 1458 x.
916 1418 1016 1459 Pars
1062 1419 1151 1460 eius
1196 1421 1352 1463 morbo
1398 1424 1726 1479 transformata,

326 1482 462 1535 ipsum
509 1482 730 1522 continens
773 1494 916 1521 arcum
961 1491 1139 1534 aortae.,
1190 1485 1260 1536 qui
1297 1495 1339 1526 et
1374 1487 1566 1530 dilatatus
1603 1503 1730 1531 enor-

329 1546 485 1596 miter,
538 1556 580 1585 et
615 1545 754 1600 quoad
790 1545 1105 1599 longitudinem
1140 1548 1335 1590 extensus
1371 1551 1414 1591 in
1451 1562 1532 1593 tres
1567 1556 1730 1608 praeci-

331 1622 414 1663 pue
451 1619 639 1650 tumores
676 1609 883 1650 distinCius
926 1610 995 1651 est.

140 1684 201 1726 W.
235 1683 285 1725 X.
321 1683 376 1723 Z.
414 1696 452 1722 α.
490 1681 527 1721 b.
595 1681 759 1723 Primus
797 1692 838 1723 et
872 1683 1082 1725 maximus
1119 1691 1263 1726 tumor
1304 1685 1425 1739 super
1468 1686 1576 1728 bafin
1599 1717 1612 1740 ‚
1665 1689 1730 1729 in-

330 1747 560 1800 aequaliter
596 1747 819 1800 distensus,
854 1746 1090 1788 minoribus
1125 1749 1267 1802 passim
1301 1750 1531 1792 tuberculis
1558 1763 1601 1792 et
1622 1753 1728 1794 emi-

331 1811 481 1851 nentiis
517 1811 743 1863 praeditus.

145 1873 203 1913 W.
269 1874 567 1915 Tuberculum
603 1875 644 1914 in
682 1887 837 1928 magno
873 1883 1054 1916 tumore·
1077 1889 1212 1930 prope
1248 1876 1373 1918 bafin.

143 1943 192 1983 X.
228 1942 283 1982 Z.
352 1943 540 1984 Maxima
578 1945 717 1998 magni
755 1945 932 1986 tumoris
969 1946 1220 2000 amplitudo.

143 2033 181 2061 α.
217 2018 254 2058 b.
324 2017 573 2063 Constric‘tio
617 2031 755 2063 aortae
778 2051 791 2075 ,
845 2036 925 2077 qua
960 2036 1137 2077 magnus
1175 2033 1319 2066 tumor
1354 2039 1375 2067 a
1409 2027 1553 2068 medio
1590 2027 1729 2069 distin-

335 2094 489 2135 guitur.

145 2161 177 2187 c.
215 2160 249 2186 c.
316 2145 363 2185 ln
401 2146 476 2186 hac
512 2146 605 2188 sede
641 2150 820 2204 amplior
856 2151 996 2192 tunica
1031 2159 1074 2192 et
1109 2152 1287 2192 mollior
1321 2154 1502 2209 collapsa
1538 2164 1639 2197 erat.

146 2225 184 2263 d.
221 2224 259 2263 d.
327 2223 372 2262 In
411 2223 486 2263 hac
524 2222 616 2265 sede
654 2227 754 2267 dura
789 2228 1008 2282 rigidaque
1044 2228 1269 2268 eminebat.

208 2298 327 2342 Noua
346 2299 448 2341 Αῐία
466 2299 596 2342 Acad.
617 2300 718 2356 Imp.
736 2301 805 2343 Sc.
825 2303 866 2343 Ἰ.
889 2302 939 2344 V.
1291 2306 1328 2346 L
1362 2305 1379 2346 l
1697 2317 1731 2346 e.
