2003 2700
808 170 962 196 ’Ξ
995 154 1153 210 (244)
1187 171 1341 185 --

272 268 396 312 nibus
431 268 624 320 inseetis,
658 280 739 310 nec
775 281 862 310 non
898 271 992 314 aliis
1016 283 1191 328 quoque
1228 272 1370 327 paruis
1407 269 1658 314 animalibus
1696 272 1883 315 maxime

270 335 326 376 cst
358 334 581 375 aduersus
612 340 680 375 ac
704 323 971 385 venenatum
1027 348 1123 376 nam
1177 347 1282 378 mox
1326 346 1452 390 atque
1498 346 1660 409 partem
1696 337 1883 391 aliquam

271 399 466 453 corporis
496 412 647 440 eorum
686 399 935 441 immediate
972 402 1130 454 tangit,
1166 402 1365 444 rodendo
1396 414 1591 456 magnam
1629 401 1746 442 iniis
1783 415 1886 457 pro·

272 465 390 505 ducit
432 465 793 518 inquietudinem.
864 464 1161 521 Quamobrem
1197 466 1225 507 fi
1262 468 1330 508 hic
1374 465 1521 519 liquor
1564 464 1805 508 infunditur
1840 467 1882 507 in

272 530 531 570 cunicularia
569 528 877 589 soramiuulaffi
904 531 949 572 in
988 531 1154 590 quibus*
1178 530 1377 590 lumbrici
1416 530 1629 572 terrestres
1666 530 1738 570 sub
1775 540 1886 571 terra

272 595 460 648 degunt,
499 595 541 635 hi
580 604 833 646 momento,
873 594 984 648 quasi
1020 595 1062 635 vi
1100 588 1280 648 quadam
1309 584 1506 649 expulsi,
1542 594 1767 650 prosiliunt
1801 593 1888 635 sur-

272 660 360 700 sum
398 670 440 699 et
477 660 666 707 contorti
703 659 744 705 in
782 658 1003 714 superficie
1051 670 1187 705 terrae
1230 661 1298 705 vel
1342 660 1547 712 languent
1581 660 1650 700 vel
1696 659 1888 699 moriun-

272 735 353 765 tur.
423 722 584 764 Pariter
619 723 646 763 si
681 723 759 766 illo
795 724 965 779 liquore
1002 723 1335 779 conspergantur
1371 723 1474 764 folia
1511 723 1677 777 plantae
1716 723 1783 762 vel
1822 736 1887 762 ar-

271 789 388 830 boris
427 786 689 838 fructiferae,
733 787 775 826 iu
814 787 969 840 quibus
1005 784 1183 826 voraces
1219 798 1263 826 et
1298 787 1452 827 noxiae
1487 787 1537 826 iis
1575 800 1726 827 erucae
1763 798 1886 840 repe-

271 855 470 902 riuntur,
524 851 661 890 subito
706 849 802 889 illac
847 848 931 889 sese
977 848 1240 890 contrahunt
1284 857 1328 894 et
1372 860 1551 902 paruum
1589 848 1680 902 post
1715 858 1885 902 tempus

271 928 423 958 omnes
470 914 619 969 sponte
665 913 922 954 delabuntur
965 912 1019 953 iri'
1056 916 1224 954 terram.
1303 911 1425 954 Nam
1470 910 1628 953 hirsuta
1677 912 1744 952 sua
1789 922 1886 953 cute

271 981 470 1036 quamuis
516 978 611 1021 satis
658 992 680 1020 a
725 987 872 1021 natura
915 976 1010 1024 sunt
1054 976 1283 1029 defensae,
1335 989 1391 1018 ne
1436 976 1537 1030 quid
1585 976 1669 1017 tale
1716 986 1887 1018 tenerae

270 1058 417 1088 earum
455 1040 748 1086 constitutiOni
786 1055 944 1091 nocere
980 1042 1129 1098 ponit,
1164 1042 1236 1084 vbi
1267 1051 1407 1084 tamen
1446 1041 1678 1083 madefacta
1716 1040 1884 1094 liquore

270 1099 595 1166 solia‘pedibus
630 1103 701 1149 au't
736 1107 890 1149 osculis
927 1101 1009 1148 suis'
1047 1113 1250 1162 tangunt,
1292 1106 1475 1148 horrore
1504 1103 1625 1160 'quasi
1663 1114 1882 1160 correptae

271 1176 405 1218 statim
442 1174 523 1215 sese
560 1174 822 1216 contrahunt
856 1183 900 1214 et
935 1173 1108 1214 cadunt.

469 1302 582 1346 Cum
622 1303 816 1344 Locustis
859 1315 987 1355 agros
1029 1299 1344 1343 ‚deuastantibus
1393 1298 1587 1354 quamuis
1633 1296 1766 1339 simile
1811 1309 1888 1339 ex·

272 1371 562 1426 perimentum
597 1367 811 1408 instituere
847 1367 954 1407 mihi
990 1379 1077 1407 non
1114 1365 1262 1417 licuit,
1300 1375 1442 1406 tamen
1468 1376 1525 1410 ex
1560 1372 1704 1404 natura
1741 1375 1887 1404 earum

273 1446 316 1477 et
337 1433 671 1490 proprietatibus
709 1431 976 1487 generalibus
1015 1430 1276 1471 destruetiuis
1312 1428 1540 1469 memorati
1575 1427 1755 1481 liquoris
1793 1427 1919 1485 plus·

275 1513 403 1555 quam
439 1497 741 1540 verosimiliter
785 1495 1031 1547 concludo,
1083 1494 1276 1536 fimiliter
1321 1494 1413 1535 illas
1450 1493 1582 1534 auerti
1623 1491 1736 1564 posse
1772 1504 1793 1532 a
1829 1489 1890 1532 le-

273 1576 400 1620 gere,
452 1564 480 1605 fi
516 1563 652 1605 modo
688 1563 793 1604 haec
829 1571 969 1603 certae
1007 1573 1092 1616 ope
1128 1559 1351 1601 machinae
1398 1558 1506 1598 bene
1547 1557 1719 1598 irrorari
1754 1555 1889 1611 poss‘et

273 1632 459 1685 liquore.

472 1756 606 1813 Quod
644 1757 795 1797 attinet
829 1754 879 1795 ad
919 1752 1023 1806 ipsas
1060 1753 1222 1807 plautae
1258 1762 1300 1794 et
1336 1753 1554 1807 segetem,
1607 1764 1680 1792 eae
1727 1750 1888 1803 absque

275 1823 368 1864 vllo
413 1823 596 1863 omnino
647 1820 857 1861 restabunt
901 1820 1092 1868 damno,
1147 1832 1242 1859 nam
1298 1820 1444 1872 liquor
1496 1816 1632 1857 nullas
1678 1815 1800 1868 phane
1847 1814 1888 1854 iu

277 1889 423 1929 omnia
461 1887 580 1942 regni
618 1885 870 1939 ιοςειιιὶιιῑις
908 1884 1110 1936 prouincia
1155 1884 1282 1924 habet
1326 1884 1468 1931 sires,
1519 1881 1578 1920 iti
1625 1878 1888 1931 experientia

278 1955 320 1995 id
368 1953 473 1994 mihi
523 1950 782 1993 sufficienter
826 1949 1153 1996 demonstrauit3
1209 1961 1273 1988 aut
1313 1947 1338 1987 si
1386 1944 1486 1998 quid
1535 1944 1647 1985 sorte
1694 1944 1793 1985 mali
1837 1941 1889 1984 ab

281 2033 334 2059 co
373 2018 564 2071 luipicari
604 2017 779 2064 liceret,
816 2015 857 2055 id
897 2016 1069 2055 demum
1108 2028 1214 2067 aqua
1251 2014 1290 2065 p:
1284 2013 1393 2052 uuia
1431 2012 1614 2052 dilutum
1659 2009 1782 2050 facilc
1817 2021 1890 2048 au·

282 2083 377 2124 ferri
419 2082 568 2134 potest.
640 2081 840 2134 Denique
887 2080 1030 2133 liquor
1076 2078 1143 2118 bic
1189 2078 1347 2117 vbiuuc
1392 2077 1589 2116 locorum
1627 2085 1670 2114 et
1707 2074 1888 2113 maxima

284 2149 516 2202 quantitate
557 2146 679 2188 facile
718 2147 851 2199 parari
888 2144 1047 2198 potest,
1092 2143 1115 2182 fi
1156 2144 1289 2183 modo
1326 2142 1418 2182 calx
1457 2142 1538 2181 vlla
1576 2141 1780 2186 liabetur,
1816 2149 1890 2178 cu·

282 2214 374 2260 ius
415 2214 438 2253 fi
482 2227 627 2253 recens
664 2213 749 2262 est,
800 2224 882 2251 ina
918 2223 1009 2264 pars
1048 2208 1131 2249 iola
1170 2208 1377 2248 insulioie
1415 2207 1461 2246 :id
1503 2205 1761 2258 leptuaginta
1801 2206 1888 2242 lere

282 2290 425 2335 partes
469 2292 603 2332 aquae
648 2277 892 2318 communis
940 2275 1114 2330 frigidae
1152 2276 1193 2316 iu
1233 2287 1372 2314 xcruu
1418 2285 1569 2325 aquam
1614 2270 1741 2312 calcis
1788 2279 1892 2307 con-

1739 2331 1889 2378 ημᾶς
