2003 2700
818 158 972 185 Ξ
1007 142 1159 198 (242)
1193 161 1350 214 ›-——-

274 260 386 303 Anus
420 258 550 312 longe
585 257 677 314 post
711 255 1041 312 aequilibrium,
1077 258 1275 311 linearis,
1309 259 1420 301 inter
1456 261 1713 315 appendices
1751 263 1893 318 pinni-

277 325 438 366 sormes
474 322 559 364 fiue
596 324 746 378 pinnas
775 323 986 363 ventrales
1023 323 1322 375 absconditus,
1359 338 1380 366 a
1410 337 1496 378 quo
1537 325 1673 368 sulcus
1714 326 1894 382 subpro-

274 389 433 430 sundus
469 388 522 430 ad
558 388 728 430 initium
774 388 863 429 sere
909 388 1062 442 pinnae
1109 388 1374 430 subcaudalis
1412 390 1673 432 extenditur.
1744 391 1890 434 Cauda

275 463 386 495 teres
431 463 618 508 excepto
671 452 910 508 supradisto
955 452 1097 506 sulco,
1149 453 1201 494 ad
1237 455 1403 507 apicem
1440 455 1688 507 adtenuata,
1741 467 1783 497 et
1817 457 1891 498 vbi

272 519 403 574 pinna
448 518 607 559 caudae
651 518 828 572 incipit,
881 517 1163 572 complanata.
1241 516 1363 558 Color
1407 518 1636 561 flauescens
1674 521 1716 560 in
1754 522 1890 574 capite

273 583 492 631 albidior5
545 583 653 624 cutis
688 595 766 637 per
801 591 945 624 totum
981 595 1137 638 corpus
1175 592 1217 624 et
1251 583 1402 637 pinnas
1438 585 1604 639 punctis
1641 585 1795 640 asperis
1834 583 1894 627 fa-

276 649 358 690 cile
393 647 694 690 secedentibus
731 648 852 689 testa.

467 776 696 821 ARTVS.
764 776 914 818 Pinnae
951 776 1175 829 peaorales
1208 778 1417 830 exiguae,
1459 775 1511 818 ad
1546 777 1675 819 latera
1709 779 1894 833 perpen-

274 842 520 884 diculariter
555 842 678 892 fitae,
711 839 1067 891 rhomboidales‚
1120 839 1363 879 extrorsum
1399 840 1669 880 rotundatae.
1744 841 1893 883 Pinnae

273 905 473 948 ventrales
508 906 561 947 ad
598 917 750 956 anum,
787 902 1110 954 cuneiformes,
1147 902 1470 954 horizontales,
1514 916 1693 956 quarum
1730 904 1891 959 singula

273 972 486 1013 internam
522 970 582 1011 sui
625 980 791 1025 partem
829 969 958 1010 habet
993 967 1281 1009 carnosiorem
1319 977 1361 1008 et
1396 967 1438 1008 in
1476 968 1596 1022 apice
1633 970 1675 1008 in
1713 982 1892 1022 proces-

273 1036 365 1078 sum
409 1048 623 1090 paruum,
677 1034 999 1087 cylindricum,
1053 1034 1215 1074 rectum
1259 1032 1535 1073 defluentem.
1605 1031 1753 1073 Pinnae
1788 1033 1894 1088 dorsi

276 1101 424 1153 binae,
476 1101 689 1152 muticae‚
742 1099 884 1140 versus
929 1098 1107 1139 caudam
1151 1109 1376 1145 remotae3
1432 1097 1620 1138 anterior
1655 1098 1892 1140 exaduerso

274 1166 534 1207 ventralium
569 1165 664 1213 fita;
701 1164 910 1219 posterior
947 1163 1093 1204 medio
1130 1163 1241 1203 inter
1278 1162 1386 1203 hanc
1423 1173 1466 1202 et
1500 1163 1674 1215 pinnam
1712 1163 1892 1215 caudae,

274 1231 561 1286 pectoralibus
601 1229 794 1274 dimidiov
828 1230 1034 1270 minores.
1103 1225 1230 1268 Pinna
1264 1225 1528 1281 subcandalis
1572 1225 1644 1266 snb
1681 1226 1765 1280 ipsa
1803 1226 1890 1268 sere

275 1297 402 1351 pinna
440 1295 631 1346 caudali,
685 1296 806 1335 cuius
841 1304 885 1334 et
927 1292 1123 1334 laciniam
1162 1292 1326 1332 diceres
1362 1291 1647 1341 inferiorem,
1697 1290 1723 1330 ss
1762 1292 1894 1332 inter·

274 1360 432 1402 stitium
469 1360 519 1401 ad
557 1360 722 1413 apicem
759 1358 917 1399 caudae
964 1370 1050 1397 non
1095 1356 1292 1398 existeret
1337 1356 1498 1396 nudum
1537 1364 1579 1394 et
1613 1367 1759 1396 veram
1798 1357 1892 1408 pin-

276 1437 373 1467 nam
410 1424 629 1466 caudalem
667 1436 754 1463 non
790 1421 1022 1476 separaret,
1060 1420 1355 1474 triangularis,
1400 1419 1688 1470 descendens,
1741 1421 1890 1461 colore

277 1489 551 1531 suscescente.
618 1487 745 1529 Pinna
781 1487 932 1528 caudae
976 1495 1159 1540 occupat
1203 1483 1441 1537 marginem
1485 1483 1747 1538 superiorem
1794 1497 1891 1525 cau-

279 1555 382 1606 dae,
417 1555 608 1595 cleuatur
645 1553 717 1594 sub
757 1552 893 1594 forma
928 1551 1071 1605 anguli
1109 1549 1209 1590 resti
1235 1547 1378 1589 etvna
1415 1561 1515 1590 cum
1551 1549 1672 1604 apice
1709 1549 1887 1604 abrupte

279 1620 558 1668 terminatum
596 1618 745 1660 colore
784 1617 902 1658 fusco
938 1618 982 1658 in
1018 1624 1215 1657 extremo
1252 1613 1447 1654 rubente.

471 1747 546 1791 Ex
579 1747 835 1790 collce‘tione
871 1743 1190 1799 Dhalbergiana
1226 1744 1365 1787 Musei
1401 1744 1528 1787 nostri
1562 1742 1832 1786 Academici.

1679 2322 1892 2370 OBSER-
