2003 2700
653 221 1189 268 HISTOIRE.
1658 225 1716 278 47

224 346 285 401 x.)
334 340 520 386 Relie’cus
556 341 599 382 in
634 346 794 381 retorta
830 336 1068 378 carbonum
1104 337 1245 390 puluis
1283 349 1388 392 aqua
1424 337 1631 391 elixatus,
1668 338 1721 379 li-

313 419 494 463 quorem
522 404 718 460 praebuit
739 414 870 457 aquae
898 398 1067 454 prorsus
1096 400 1301 451 fimilem,
1337 402 1588 455 limpidum,
1625 402 1719 444 abs-

313 485 395 527 que
429 471 520 511 vllo
567 470 737 519 odore,
791 465 862 520 qui
899 463 1052 504 deinde
1089 463 1140 504 ad
1176 462 1405 503 ficcitatem
1439 478 1576 520 Vsque
1619 480 1720 508 eua-

310 533 528 591 porationi
563 532 769 574 subiectus
807 528 1049 569 duodecem
1094 539 1221 580 grana
1266 526 1357 567 salis
1394 528 1585 570 albiffimi
1620 531 1719 573 reli-

313 599 405 652 quit
446 598 552 638 aeris
598 593 899 636 humiditatem
934 591 1216 643 attrahentis,
1269 591 1309 630 &
1345 603 1400 631 ex
1435 591 1553 631 alcali
1589 593 1678 635 fixo
1703 624 1717 647 ,

310 671 420 702 terra
457 660 641 701 calcarea
675 668 720 698 et
755 657 894 710 aliqua
930 655 1128 709 magnefii
1169 655 1402 709 quantitate
1449 668 1548 696 cum
1596 668 1717 700 aceto

312 725 460 766 iunctis
499 722 738 777 compofiti.

217 821 281 875 2.)
349 819 398 860 In
443 820 571 861 altera
610 831 716 860 vero
761 825 957 870 retorta,
1009 830 1033 858 e
1080 829 1161 871 qua
1206 816 1321 857 idem
1364 824 1534 857 acetum
1570 830 1644 871 per
1679 817 1718 858 se

310 893 540 924 euocatum
583 892 703 933 erat,
756 882 919 921 macula
963 882 1081 934 nigra
1127 880 1214 920 olei
1259 882 1611 933 empyreumatici
1654 894 1720 921 re-

312 947 407 988 licta
444 944 548 996 fuit,
586 958 691 998 quae
727 957 859 996 aquae
896 943 1046 984 affusae
1083 944 1280 984 colorem
1316 943 1481 984 fuscum
1516 947 1721 986 odorem-

311 1021 394 1062 que
429 1009 643 1061 iugratum
679 1007 1094 1060 empyreumaticum
1130 1005 1405 1046 conciliavit:

219 1104 286 1159 3.)
354 1102 542 1143 Acetum
579 1101 700 1156 super
737 1101 940 1142 carbones
983 1110 1248 1153 euocatum,
1298 1114 1374 1155 per
1417 1100 1489 1154 se,
1539 1103 1582 1143 id
1628 1105 1717 1156 est,

311 1166 394 1207 fine
431 1165 686 1206 carbonibus
719 1164 916 1205 distinato
953 1165 1208 1220 limpiditate
1245 1166 1480 1219 odorisque
1518 1166 1719 1209 suauitate

314 1231 356 1269 &
391 1230 570 1283 puritate
608 1228 919 1269 antecellebat:

216 1327 281 1381 4.)
336 1324 463 1366 Aceti
509 1336 607 1365 cum
655 1322 910 1366 carbonibus
960 1323 1153 1366 destillati
1189 1325 1440 1378 grauitatem
1478 1323 1717 1379 specificam

310 1403 457 1444 parum
508 1388 757 1429 diminutam
794 1388 967 1442 reperi,
1022 1400 1063 1429 et
1096 1389 1247 1443 viginti
1283 1389 1395 1428 illius
1432 1392 1621 1442 guttulae
1663 1402 1715 1436 18

312 1453 496 1507 guttulas
533 1452 620 1493 olei
656 1452 822 1493 Tartari
858 1465 932 1506 per
968 1452 1206 1506 deliquium
1237 1453 1288 1493 ad
1317 1452 1615 1494 saturationem
1638 1469 1718 1508 po-

312 1517 548 1557 stulabant:
603 1515 719 1570 quod
771 1528 874 1556 vero
925 1529 1002 1569 per
1054 1516 1091 1556 se
1125 1526 1268 1571 quater
1303 1517 1480 1557 euocaui
1517 1528 1680 1558 acetum
1703 1549 1716 1570 ,

315 1581 463 1621 itidem
499 1579 633 1621 leuius
670 1581 814 1620 inueni
851 1588 892 1620 et
931 1592 987 1620 20
1022 1579 1136 1620 illius
1173 1579 1361 1634 guttulae
1398 1593 1452 1632 19
1475 1594 1601 1634 grana
1630 1583 1716 1623 olei

315 1643 484 1686 Tartari
519 1644 761 1698 exigebant.

313 1753 380 1795 Vt
416 1755 466 1795 de
503 1755 587 1796 hoc
622 1756 918 1809 experimento
957 1753 1121 1796 nnllum
1160 1755 1337 1796 dubium
1373 1754 1712 1810 relinqueretur,

123 1819 270 1860 iteraui
305 1817 411 1858 illud
449 1817 590 1860 sumtis
629 1820 761 1860 tribus
795 1820 933 1860 unciis
972 1819 1158 1861 fortioris
1197 1820 1329 1870 aceti,
1368 1819 1486 1859 cuius
1523 1821 1716 1874 guttulae

122 1883 272 1936 viginti
307 1882 392 1923 olei
428 1882 597 1923 Tartari
633 1884 816 1936 guttulas
853 1883 1005 1937 viginti
1041 1883 1112 1924 sex
1148 1882 1198 1924 ad
1233 1882 1459 1937 perfec'tam
1496 1883 1716 1925 saturatio-

125 1960 221 1986 nem
258 1946 560 1999 requirebant,
617 1949 731 2000 quod
778 1948 917 1988 decies
956 1946 1079 2000 super
1114 1948 1215 1988 duas
1253 1947 1487 1988 carbonum
1525 1948 1714 2001 pulueris

127 2011 264 2050 vncias
300 2010 508 2062 abstraxi,
548 2024 632 2064 quo
670 2010 811 2063 fufio,
857 2012 1008 2064 viginti
1045 2012 1235 2063 guttulae
1273 2011 1396 2051 huius
1435 2012 1541 2052 aceti
1576 2013 1716 2064 vigin-

127 2073 345 2124 tiquinque
390 2074 475 2114 olei
520 2074 690 2115 Tartari
735 2076 784 2116 ad
830 2075 1126 2116 saturationem
1162 2083 1400 2128 exegerunt
1434 2086 1476 2115 et
1517 2077 1713 2130 grauitati

127 2133 342 2187 specificae
377 2138 453 2178 tria
488 2147 647 2178 tantum
685 2153 810 2192 grana
847 2138 1112 2180 deficiebant.

319 2242 421 2282 Inde
456 2244 775 2286 luculentiffime
813 2246 957 2286 videre
993 2246 1081 2297 cst,
1135 2247 1251 2299 quod
1297 2247 1502 2287 carbones
1542 2247 1581 2286 in
1619 2259 1714 2287 ace·

128 2316 216 2346 tum
256 2319 425 2359 quoque
462 2308 619 2348 nullam
654 2311 741 2359 vim
779 2311 1068 2351 destruffiuam
1113 2320 1366 2359 exerceant3
1422 2324 1517 2351 nam
1554 2323 1713 2364 pauco-

1616 2386 1710 2413 rum
