2003 2700
645 174 830 188 -v-—-
864 157 1016 214 (269)
1049 174 1201 199 22..-

264 254 1126 369 GYMNoTrNovA
1177 284 1613 359 SPECIES.

845 433 1036 476 Auctore

725 528 801 572 BA
811 529 859 572 S.
899 530 943 571 Z
955 528 1070 570 UIE
1081 529 1141 572 W.

510 683 694 724 Conuent.
732 683 867 723 exhib.
903 685 965 725 die
1003 697 1023 734 5
1066 684 1186 725 Febr.
1237 695 1371 737 1789.

219 894 331 934 iures
377 902 490 934 certe
537 894 719 944 dantur,
773 905 897 946 quam
944 902 1051 947 quot
1086 893 1315 949 descriptae
1357 894 1505 938 sunta
1539 896 1729 938 Linnaeo

251 958 570 1008 Gymnotorum
608 956 810 1009 Species:
865 955 977 997 Clar.
1015 957 1295 1010 Gronovius,
1332 974 1479 1013 parum
1516 960 1729 1014 specifica-

136 1021 242 1060 tioni
285 1032 437 1060 eorum
474 1020 703 1072 adtentus,
756 1019 908 1059 multas
945 1019 1102 1073 species
1139 1035 1219 1075 pro
1254 1023 1453 1064 varietate
1488 1024 1611 1064 vnius
1655 1025 1728 1066 ha-

135 1083 257 1132 buit;
310 1083 461 1124 Illustr.
497 1084 742 1135 Linnaeus‚
794 1084 935 1123 eidem
971 1084 1248 1137 suffragatus,
1306 1088 1487 1129 diuersas
1523 1089 1565 1128 in
1601 1101 1727 1129 vnam

135 1145 362 1195 confudit;
413 1148 524 1187 vnde
568 1157 692 1188 notae
737 1146 953 1200 specificae
995 1149 1235 1190 Linneanae
1270 1150 1457 1203 plurium
1493 1163 1727 1206 gymnoto-

135 1224 230 1252 rum
265 1211 388 1251 valde
423 1211 643 1264 ambiguae
680 1211 884 1252 exstitere.
952 1211 1041 1252 Iam
1079 1211 1296 1254 Celeberr.
1326 1215 1463 1255 noster
1499 1215 1631 1256 Pallas
1668 1216 1725 1256 sat

137 1269 348 1327 castigauit
390 1287 578 1315 errorem
614 1275 788 1320 ,huncce
831 1275 873 1315 in
912 1274 1149 1329 Spicilegiis
1194 1277 1274 1317 snis
1313 1275 1601 1331 Zoologicis.,
1652 1280 1723 1320 vbi

102 1338 458 1384 vluculentissime
512 1338 751 1392 explicuit,
803 1351 890 1392 quo
934 1341 1131 1392 gymnoti
1175 1339 1397 1395 albismns,
1439 1340 1638 1396 fasciatus
1681 1353 1724 1383 et

135 1402 282 1454 albus,
336 1416 358 1443 a
403 1402 627 1444 Gronovio
662 1415 742 1455 pro
776 1403 1047 1443 varietatibus
1086 1402 1318 1458 Caraponis
1356 1405 1514 1457 habiti,
1549 1407 1600 1448 ab
1638 1406 1723 1448 hoc

134 1476 177 1507 et
211 1467 320 1506 inter
355 1466 393 1507 se
430 1465 656 1518 differant,
710 1474 849 1507 tamen
894 1465 1084 1507 confufio
1130 1468 1207 1508 hae
1245 1479 1387 1510 manet
1422 1470 1644 1524 hucusque
1680 1472 1723 1512 in

132 1530 348 1582 systemate
385 1530 651 1582 Linnaeano.,
688 1538 731 1569 et
765 1529 926 1570 nonnifi
960 1544 982 1571 a
1019 1532 1248 1572 nouiffimis
1287 1533 1541 1586 quibusdam
1584 1536 1726 1576 austo-

134 1595 249 1634 ribus
284 1593 493 1635 laboriosa
529 1607 624 1634 cum
660 1593 912 1634 discretione
948 1594 1154 1636 subleuari
1189 1598 1338 1649 potest.
1407 1598 1528 1639 Hanc
1548 1599 1604 1639 ob
1632 1612 1722 1640 rem

135 1656 280 1699 Claris.
326 1657 460 1698 Pallas
502 1658 586 1698 iam
627 1659 793 1712 pridem
837 1658 879 1698 in
924 1658 1157 1713 supradidto
1203 1660 1275 1701 suo
1312 1674 1442 1714 opere
1483 1672 1721 1704 accuratam

133 1721 305 1762 tradidit
347 1721 584 1762 albisrontis
630 1722 995 1776 descriptionem,
1048 1723 1240 1777 reliquos
1276 1738 1380 1766 vero
1420 1726 1526 1767 duos
1563 1727 1721 1767 solum-

133 1786 268 1825 modo
314 1786 576 1838 designauit‚
628 1787 814 1842 ideoque
858 1787 955 1827 illos
1000 1788 1167 1827 notioni
1212 1788 1604 1843 Ichthyologorum
1647 1793 1720 1832 ad-

132 1848 322 1888 hucdum
363 1849 491 1890 video
534 1849 732 1891 sublatos.
817 1851 1002 1893 Veniam
1046 1851 1188 1906 itaque
1233 1865 1255 1892 a
1298 1854 1392 1894 viro
1437 1854 1719 1895 celeberrimo

132 1912 238 1951 mihi
282 1912 499 1964 impetro,
553 1923 635 1954 tam
690 1915 796 1967 has,
850 1929 975 1969 quam
1021 1917 1118 1957 alias
1169 1927 1475 1969 gymnotorum
1529 1918 1719 1972 species,

137 1988 241 2029 quae
276 1976 317 2014 in
355 1975 521 2016 musaeo
566 1978 704 2019 nostro
749 1981 992 2021 academico
1030 1981 1282 2021 ass'eruantur
1318 1991 1360 2020 et
1396 1982 1545 2022 nullibi
1581 1984 1719 2023 adhuc

133 2040 351 2079 austorum
403 2039 534 2092 probe
587 2042 780 2097 descripti
835 2045 1132 2098 reperiuntur,
1186 2045 1420 2098 quamlibet
1471 2057 1718 2101 opportuno

133 2112 325 2154 tempore
362 2102 512 2142 clarius
548 2108 816 2159 exponendi,
854 2109 1138 2162 iconibusque
1173 2109 1433 2157 illustrandi3
1487 2124 1717 2163 earumque

132 2165 381 2219 praeprimis
427 2167 566 2207 ordiar
600 2183 620 2209 a
663 2182 873 2222 gymnoto
918 2173 1050 2225 albo,
1104 2183 1307 2224 quatenus
1353 2173 1606 2227 specialitate
1650 2174 1717 2212 sua

132 2231 264 2283 magis
300 2229 342 2269 in
378 2230 528 2271 oculos
565 2234 752 2275 cadente.

926 2298 994 2338 Ll
1031 2310 1053 2346 3
1523 2299 1717 2350 Gymno-
